@Book{Harkness2017,
  title     = {big data: does size matter},
  publisher = {Bloomsbury USA},
  year      = {2017},
  author    = {Harkness, T.},
  isbn      = {9781472920072},
  url       = {https://books.google.com?id=kL0yvgAACAAj},
}
