@Misc{fa18-523-66-taverna-intro,
  title =        {Introduction-What is taverna},
  howpublished = {Web Page},
  owner =        {fa18-523-66},
  url =          {https://taverna.incubator.apache.org/introduction/},
}

@Misc{fa18-523-66-taverna-wiki,
  title =        {Apache Taverna},
  howpublished = {Web Page},
  owner =        {fa18-523-66},
  url =          {https://en.wikipedia.org/wiki/Apache_Taverna},
}


@Misc{fa18-523-66-taverna-pred-analytics,
  title =        {Apache Taverna-Review},
  howpublished = {Web Page},
  owner =        {fa18-523-66},
  url =          {https://www.predictiveanalyticstoday.com/apache-taverna/},
}

@Article{fa18-523-66-taverna-paper,
  author =       {Katherine Wolstencroft and Robert Hainesand Donal Fellowsand Alan Williamsand David Withers and
                  Stuart Owen and Stian Soiland-Reyesand Ian Dunlop and Aleksandra Nenadic and Paul Fisher and
                   Jiten Bhagat and Khalid Belhajjame and Finn Bacall and Alex Hardisty and Abraham Nieva de la Hidalga and
                   Maria P. Balcazar Vargas and Shoaib Sufi and Carole Goble},
  title =        {The Taverna workflow suite: designing and executing workflows of 
                  Web Services on the desktop, web or in the cloud},
  journal =      {Nucleic Acids Research}
  year =         {2013}
  volume =       {41}
  pages =        {W557–W561}
  url =          {https://www.ncbi.nlm.nih.gov/pmc/articles/PMC3692062/},
  Owner =        {fa18-523-66}
}

@Misc{fa18-523-66-r-wiki,
  title =        {R(programming language)},
  howpublished = {Web Page},
  owner =        {fa18-523-66},
  url =          {https://en.wikipedia.org/wiki/R_(programming_language)},
}

@Misc{fa18-523-66-r-or-python,
  title =        {If you want to upgrade your data analysis skills, which programming language should you learn?},
  howpublished = {Web Page},
  owner =        {fa18-523-66},
  url =          {https://qz.com/1063071/the-great-r-versus-python-for-data-science-debate/},
}

@Misc{fa18-523-66-snort-wiki,
  title =        {Snort (software)},
  howpublished = {Web Page},
  owner =        {fa18-523-66},
  url =          {https://en.wikipedia.org/wiki/Snort_(software)},
}

@Misc{fa18-523-66-snort-cisco,
  title =        {Snort: The World’s Most Widely Deployed IPS Technology},
  howpublished = {Web Page},
  owner =        {fa18-523-66},
  url =          {https://www.cisco.com/c/en/us/products/collateral/security/brief_c17-733286.html},
}

@Article{fa18-523-66-snort-paper,
  author =       {Michael P. Brennan},
  title =        {Using Snort For a Distributed Intrusion Detection System},
  journal =      { SANS Institute Reading Room}
  year =         {2002}
  url =          {https://www.sans.org/reading-room/whitepapers/detection/snort-distributed-intrusion-detection-system-352},
  Owner =        {fa18-523-66}
}

@Misc{fa18-523-66-derby-wiki,
  title =        {Apache Derby},
  howpublished = {Web Page},
  owner =        {fa18-523-66},
  url =          {https://en.wikipedia.org/wiki/Apache_Derby},
}

@Book{fa18-523-66-derby-book,
  Title =        {Apache Derby -- Off to the Races: Includes Details of IBM Cloudscape },
  Author =       { Paul C. Zikopoulos and George Baklarz and Dan Scott},
  Publisher =    {Pearson},
  Year =         {2005},
  Edition =      {1st},
  Owner =        {fa18-523-66}
  url =          {http://www.informit.com/articles/article.aspx?p=422309&seqNum=8}
}






















