@Misc{fa18-523-79-DZone-Database-Zone,
  author       = {Md. Rezaul Karim},
  title        = {Searching and Indexing With Apache Lucene},
  howpublished = {Web page},
  month        = jan,
  year         = 2017,
  note         = {DZone Database Zone Tutorial},
  url          = {https://dzone.com/articles/apache-lucene-a-high-performance-and-full-featured},
}

@Misc{fa18-523-79-Lucene-Tutorial,
  author       = {LuceneTutorials.com},
  title        = {Lucene Tutorial},
  howpublished = {Web page},
  year         = 2018,
  note         = {Lucene Tutorial},
  url          = {http://www.lucenetutorial.com/basic-concepts.html},
}

@Misc{fa18-523-79-ZeroMQ,
  author       = {Martin Sustrik},
  title        = {ZeroMQ},
  howpublished = {Web page},
  year         = 2017,
  note         = {The architecture of open source applications},
  url          = {https://www.aosabook.org/en/zeromq.html},
}

@Misc{fa18-523-79-Digital-Ocean,
  author       = {O.S Tezer},
  title        = {How To Work with the ZeroMQ Messaging Library},
  howpublished = {Web page},
  month        = dec,
  year         = 2013,
  note         = {Digitial Ocean tutorial on ZeroMQ},
  url          = {https://www.digitalocean.com/community/tutorials/how-to-work-with-the-zeromq-messaging-library},
}

@Misc{fa18-523-79-ScoTT-Logic,
  author       = {Hugh Powell},
  title        = {A quick and dirty introduction to ZeroMQ},
  howpublished = {Web page},
  month        = mar,
  year         = 2015,
  note         = {Article},
  url          = {https://blog.scottlogic.com/2015/03/20/ZeroMQ-Quick-Intro.html},
}

@Misc{fa18-523-79-Zguide,
  author       = {Pieter Hintjens},
  title        = {A quick and dirty introduction to ZeroMQ},
  howpublished = {Web page},
  year         = 2016,
  note         = {0MQ - The Guide},
  url          = {http://zguide.zeromq.org/page:all},
}

@Misc{fa18-523-79-AWS-News-Blog,
  author       = {Jeff Barr},
  title        = {Vodafone dreamLab accelerating cancer research},
  howpublished = {Web page},
  month        = feb,
  year         = 2016,
  note         = {AWS amazon blog},
  url          = {https://aws.amazon.com/blogs/aws/vodafone-dreamlab-accelerating-cancer-research/},
}

@Misc{fa18-523-79-Vodafone-Australia,
  author       = {Vodafone},
  title        = {Help fight cancer tonight with the DreamLab app},
  howpublished = {Web page},
  year         = 2017,
  note         = {Documentation and guide},
  url          = {https://www.vodafone.com.au/foundation/dreamlab},
}

@Misc{fa18-523-79-Vodafone-Red-Wire,
  author       = {Alyssa Jones},
  title        = {5 MINUTE READ: HOW DOES DREAMLAB WORK},
  howpublished = {Web page},
  year         = 2017,
  note         = {Vodafone blog},
  url          = {https://www.vodafone.com.au/red-wire/dreamlab},
}

@Misc{fa18-523-79-LinedIn-Engineering,
  author       = {Aditya Auradkar},
  title        = {Introducing Espresso - LinkedIn's hot new distributed document store},
  howpublished = {Website},
  month        = jan,
  year         = {2015},
  note         = {LinedIn},
  url          = {https://engineering.linkedin.com/espresso/introducing-espresso-linkedins-hot-new-distributed-document-store},
}

@inproceedings{conf/sigmod/QiaoSDQSGCSZABBGGIJLPRSSSSTTWZ13,
  added-at     = {2014-02-06T00:00:00.000+0100},
  author       = {Qiao, Lin and Surlaker, Kapil and Das, Shirshanka and Quiggle, Tom and Schulman, Bob and Ghosh, Bhaskar and Curtis, Antony and Seeliger, Oliver and Zhang, Zhen and Auradkar, Aditya and Beaver, Chris and Brandt, Gregory and Gandhi, Mihir and Gopalakrishna, Kishore and Ip, Wai and Jagadish, Swaroop and Lu, Shi and Pachev, Alexander and Ramesh, Aditya and Sebastian, Abraham and Shanbhag, Rupa and Subramaniam, Subbu and Sun, Yun and Topiwala, Sajid and Tran, Cuong and Westerman, Jemiah and Zhang, David},
  biburl       = {https://www.bibsonomy.org/bibtex/298c08451ca2cc3566512ab9a98e644c5/dblp},
  booktitle    = {SIGMOD Conference},
  crossref     = {conf/sigmod/2013},
  editor       = {Ross, Kenneth A. and Srivastava, Divesh and Papadias, Dimitris},
  ee           = {http://doi.acm.org/10.1145/2463676.2465298},
  interhash    = {93390e2334207a710d3307f3d886ea4d},
  intrahash    = {98c08451ca2cc3566512ab9a98e644c5},
  isbn         = {978-1-4503-2037-5},
  keywords     = {dblp},
  pages        = {1135-1146},
  publisher    = {ACM},
  timestamp    = {2015-06-20T09:34:59.000+0200},
  title        = {On brewing fresh espresso: LinkedIn's distributed data serving platform.},
  url          = {http://dblp.uni-trier.de/db/conf/sigmod/sigmod2013.html#QiaoSDQSGCSZABBGGIJLPRSSSSTTWZ13},
  year         = 2013
}

@Misc{fa18-523-79-DZone,
  author       = {Mahesh Chand},
  title        = {Introduction to Apache Mesos},
  howpublished = {Web page},
  month        = jan,
  year         = 2018,
  note         = {DZone blog},
  url          = {https://dzone.com/articles/introduction-to-apache-mesos},
}

@Misc{fa18-523-79-Data-Flair,
  author       = {Apache Spark Tutorials},
  title        = {Apache Mesos Introduction, Architecture and Working},
  howpublished = {Web page},
  month        = apr,
  year         = 2017,
  note         = {Data Flair blog on Mesos},
  url          = {https://data-flair.training/blogs/apache-mesos-tutorial/},
}

@Misc{fa18-523-79-Eclipse-Foundation,
  author       = {Oliver Kopp},
  title        = {Eclipse Winery User Guide},
  howpublished = {Web page},
  year         = 2018,
  note         = {Eclipse Winery documentation},
  url          = {https://projects.eclipse.org/projects/soa.winery},
}

@Misc{fa18-523-79-Eclipse-Git-Repo,
  author       = {Eclipse},
  title        = {Eclipse Winery User Guide},
  howpublished = {Web page},
  month        = jan,
  year         = 2018,
  note         = {Eclipse Winery project},
  url          = {http://eclipse.github.io/winery/user/},
}
