
@Mist{fa18-523-80-www-flink,
  author        = {{ApacheFlink}},
  title         = {what is apache flink?},
  howpublished  = {Web page},
  month         = oct,
  year          = {2018},
  note          = {Online; Accessed: 2018-10-14},
  url           = {https://flink.apache.org/flink-applications.html},
}

@Misc{fa18-523-80-www-ogf,
  author        = {Thijs Metsch},
  title         = {open cloud computing interface - platform},
  howpublished  = {Web page},
  month         = sep,
  year          = {2016},
  note          = {Online; Accessed: 2018-10-10},
  url           = {https://www.ogf.org/documents/GFD.227.pdf},
}

@Misc{fa18-523-80-www-occi,
  author        = {OCCI},
  title         = {open cloud computing interface},
  howpublished  = {Web page},
  month         = oct,
  year          = {2018},
  note          = {Online; Accessed: 2018-10-10},
  url           = {http://occi-wg.org/about/},
}

@Misc{fa18-523-80-www-tutorialspoint-chef,
  author        = {{Tutorialspoint}},
  title         = {chef quick guide},
  howpublished  = {Web page},
  month         = oct,
  year          = {2018},
  note          = {Online; Accessed: 2018-10-13},
  url           = {https://www.tutorialspoint.com/chef/chef_quick_guide.htm},
}

@Misc{fa18-523-80-www-tajo-apache,
  author        = {{ApacheTajo}},
  title         = {apache tajo: a big data warehouse system on hadoop},
  howpublished  = {Web page},
  month         = oct,
  year          = {2018},
  url           = {http://tajo.apache.org/},
}

@Misc{fa18-523-80-www-tutorialspoint-tajo,
  author        = {{Tutorialspoint}},
  title         = {apache tajo quick guide},
  howpublished  = {Web page},
  month         = oct,
  year          = {2018},
  note          = {Online; Accessed: 2018-10-10},
  url           = {https://www.tutorialspoint.com/apache_tajo/apache_tajo_quick_guide.htm},
}
