@Misc{fa18-523-56-www-kubernetes.io,
  comment =      {ERROR},
  title =        {what-is-kubernetes},
  howpublished = {Web Page},
  note =         {Accessed 09-19-2018},
  url =
                  {https://kubernetes.io/docs/concepts/overview/what-is-kubernetes/},
}

@article{fa18-523-56-www-3google-containers-mgmt-sys,
  author =       {Burns, Brendan and Grant, Brian and Oppenheimer,
                  David and Brewer, Eric and Wilkes, John},
  title =        {Borg, Omega, and Kubernetes},
  journal =      {Queue},
  issue_date =   {January-February 2016},
  volume =       14,
  number =       1,
  month =        jan,
  year =         2016,
  issn =         {1542-7730},
  pages =        {10:70--10:93},
  articleno =    10,
  numpages =     24,
  url =          {http://doi.acm.org/10.1145/2898442.2898444},
  doi =          {10.1145/2898442.2898444},
  acmid =        2898444,
  publisher =    {ACM},
  address =      {New York, NY, USA},
}

@Misc{fa18-523-56-www-KubernetesDesignArchitecture,
  author       = {grodrigues3}, 
  title        = {Kubernetes Design and Architecture},
  howpublished = {Web page},
  month        = aug,
  year         = {2017},
  url          = {https://github.com/kubernetes/community/blob/master/contributors/design-proposals/architecture/architecture.md},
}

@Misc{fa18-523-56-www-Jena-OWL-introduction,
  comment =      {ERROR},
  howpublished = {Web Page},
  url =
                  {https://www.w3.org/TR/2004/REC-owl-guide-20040210/#Introduction},
}

@Misc{fa18-523-56-www-Jena-whatisJena,
  comment =      {ERROR},
  title =        {What is Jena},
  howpublished = {Web Page},
  url =          {https://jena.apache.org/about_jena/about.html},
}

@Misc{fa18-523-56-www-Jena-ARQquery,
  comment =      {ERROR},
  howpublished = {Web Page},
  url =          {https://jena.apache.org/documentation/query/},
}

@Misc{fa18-523-56-www-nifi-forbes,
  comment =      {ERROR},
  howpublished = {Web Page},
  url =
                  {https://www.forbes.com/sites/adrianbridgwater/2015/07/21/nsa-nifi-big-data-automation-project-out-in-the-open/#68cdd7dc55d6},
}

@Misc{fa18-523-56-www-nifi-nifihomepage,
  comment =      {ERROR},
  howpublished = {Web Page},
  url =          {https://nifi.apache.org/},
}

@Misc{fa18-523-56-www-nifi-issartetlsimple,
  comment =      {ERROR},
  howpublished = {Web Page},
  url =
                  {https://issart.com/blog/how-to-make-etl-simple-and-intuitive-with-nifi/},
}

@Misc{fa18-523-56-www-protobuf-codeclimate-chooseprobuf,
  comment =      {ERROR},
  howpublished = {Web Page},
  url =
                  {https://codeclimate.com/blog/choose-protocol-buffers/},
}

@Misc{fa18-523-56-www-protobuf-googleother,
  comment =      {ERROR},
  howpublished = {Web Page},
  url =
                  {https://developers.google.com/protocol-buffers/docs/reference/other},
}

@Misc{fa18-523-56-www-protobuf-googletechniques,
  comment =      {ERROR},
  title =        {Protocal Buffers Techniques},
  howpublished = {Web Page},
  url =
                  {https://developers.google.com/protocol-buffers/docs/techniques},
}

@Misc{fa18-523-56-www-protobuf-performancecompare,
  comment =      {ERROR},
  howpublished = {Web Page},
  url =
                  {https://dzone.com/articles/protobuf-performance-comparison-and-points-to-make},
}

@Misc{fa18-523-56-www-protobuf-googledevoverview,
  comment =      {ERROR},
  howpublished = {Web Page},
  url =
                  {https://developers.google.com/protocol-buffers/docs/overview},
}
