@Article{Kepes-2015,
  author  = {Kepes, Ben},
  title   = {Redis Labs Hires the Creator of Redis, Salvatore Sanfilippo},
  journal = {Network World},
  year    = {2015},
  url     = {https://www.networkworld.com/article/2947895/opensource-subnet/redis-labs-hires-the-creator-of-redis-salvatore-sanfilippo.html.},
}

@Misc{fa18-523-74-Allcock-2005,
  author       = {Allcock, W},
  title        = {GridFTP Wikipedia},
  howpublished = {online},
  year         = {2005},
  url          = {https://en.wikipedia.org/wiki/GridFTP},
}

@Misc{fa18-523-74-Joern2009,
  author       = {Joern Barthe},
  title        = {RabbitMQ Wikipedia},
  howpublished = {online},
  year         = {2009},
  url          = {https://en.wikipedia.org/wiki/RabbitMQ},
}

@Misc{fa18-523-74-Kevin2007,
  author       = {Kevin Sutter},
  title        = {Apache OpenJPA Wikipedia},
  howpublished = {online},
  year         = {2007},
  url          = {https://en.wikipedia.org/wiki/Apache_OpenJPA},
}

