@Misc{fa18-523-69-hortonworks,
  author =      {Hortonworks Inc.},
  title =        {Hortonworks DataFlow (HDF)},
  howpublished = {Web page},
  owner =        {hortonworks},
  url =
                  {https://hortonworks.com/products/data-platforms/hdf/},
}

@Misc{fa18-523-69-blogs-msdn-microsoft,
  author =       {Premier Developer},
  title =        {PolyBase - How SQL Server does Big data},
  howpublished = {Web page},
  owner =        {Microsoft},
  url =
                  {https://blogs.msdn.microsoft.com/premier_developer/2018/02/12/polybase-how-sql-server-does-big-data/},
}

@Misc{fa18-523-69-www-hadoopsphere,
  author =       {Desk Editor},
  title =        {MRQL - a SQL on Hadoop Miracle},
  howpublished = {Web page},
  owner =        {Hadoopsphere},
  url =
                  {http://www.hadoopsphere.com/2013/04/mrql-sql-on-hadoop-miracle.html},
}

@Misc{fa18-523-69-wiki-apache,
  author =      {LeonidasFegaras},
  title =        {LanguageDescription - Mrql Wiki},
  howpublished = {Web page},
  owner =        {Mrql wiki},
  url =          {https://wiki.apache.org/mrql/LanguageDescription},
}

@Misc{fa18-523-69-www-researchgate,
  author =       {Dr. Wasserman},
  title =        {Network Workbench Tool},
  howpublished = {Web page},
  owner =        {ResearchGate},
  url =
                  {https://www.researchgate.net/publication/228906060_Network_Workbench_Tool},
}
