@Misc{www-fa18-523-57-dokku,
  author =       {{Dokku}},
  title =        {WELCOME TO DOKKU!},
  howpublished = {Git Hub},
  month =        apr,
  year =         2016,
  note =         {Dokku Blog},
  url =
                  {https://dokku.github.io/first-prost/welcome-to-dokku},
}

@Misc{www-fa18-523-57-dokku-documentation,
  author =       {{Dokku}},
  title =        {View Documentation},
  howpublished = {Web Page},
  month =        apr,
  year =         2016,
  note =         {Dokku Documentation},
  url =          {http://dokku.viewdocs.io/dokku/},
}

@Misc{www-fa18-523-57-dokku-installation,
  author =       {{Dokku}},
  title =        {Getting Started with Dokku},
  howpublished = {Web Page},
  month =        apr,
  year =         2016,
  note =         {Dokku Installation},
  url =
                  {http://dokku.viewdocs.io/dokku/getting-started/installation/},
}

@Misc{www-fa18-523-57-event-hubs,
  author =       {{Microsoft}},
  title =        {Event Hubs},
  howpublished = {Web Page},
  note =         {EventHub Web Page},
  url =
                  {https://azure.microsoft.com/en-us/services/event-hubs/},
}

@Misc{www-fa18-523-57-what-is-event-hub,
  author =       {Shubha Vijayasarathy and Sreedhar Pelluru and
                  Sumathi Ahuja and Seth Manheim},
  title =        {What is Azure Event Hubs?},
  howpublished = {Web Page},
  note =         {EventHub Documentation},
  url =
                  {https://docs.microsoft.com/en-us/azure/event-hubs/event-hubs-about},
}

@Misc{www-fa18-523-57-event-hub-documentation,
  author =       {{Microsoft}},
  title =        {Azure Event Hubs Documentation},
  howpublished = {Web Page},
  note =         {Event Hub Documentation},
  url =          {https://docs.microsoft.com/en-us/azure/event-hubs/},
}

@Misc{www-fa18-523-57-sql-server-wiki,
  author =       {{Wikipedia}},
  title =        {Microsoft SQL Server},
  howpublished = {Web Page},
  note =         {Wikipedia},
  url =          {https://en.wikipedia.org/wiki/Microsoft_SQL_Server},
}

@Misc{www-fa18-523-57-sql-server-editions,
  author =       {{Microsoft}},
  title =        {Editions and supported features of SQL Server 2016},
  howpublished = {Web Page},
  note =         {SQL Server editions},
  url =
                  {https://docs.microsoft.com/en-us/sql/sql-server/editions-and-components-of-sql-server-2016?view=sql-server-2017},
}

@Misc{www-fa18-523-57-riak,
  author =       {{RIAK KV}},
  title =        {RIAK KV},
  howpublished = {Web Page},
  note =         {RIAK},
  url =          {http://basho.com/products/riak-kv/},
}

@Misc{www-fa18-523-57-riak-overview,
  author =       {Ralph Eck},
  title =        {An Overview of Riak: an Open Source NoSQL Database},
  howpublished = {Web Page},
  note =         {RIAK Overview},
  url =
                  {http://www.monitis.com/blog/an-overview-of-riak-an-open-source-nosql-database/},
}
