% Encoding: UTF-8

@Misc{fa18-523-82-puppetvid,
  author =       {CBT Nuggets},
  title =        {How Puppet works},
  month =        apr,
  year =         2016,
  url =          {https://www.youtube.com/watch?v=lxJQX2ipliY},
}

@Misc{fa18-523-82-puppetarch,
  author =       {Puppet},
  title =        {Overview of Puppet's architecture},
  url =
                  {https://puppet.com/docs/puppet/4.6/architecture.html},
}

@Misc{fa18-523-82-Petscwiki,
  author =       {Wikipedia},
  title =        {Portable, Extensible Toolkit for Scientific
                  Computation},
  url =
                  {https://en.wikipedia.org/wiki/Portable,_Extensible_Toolkit_for_Scientific_Computation},
}

@Misc{fa18-523-82-petscdoc,
  author =       {PETSc},
  title =        {PETSc Documentation},
  url =
                  {https://www.mcs.anl.gov/petsc/documentation/faq.html#computers},
}

@Misc{fa18-523-82-PetscManual,
  author =       {Argonne National Laboratory},
  title =        {PETSc Users Manual},
  month =        sep,
  year =         2018,
  url =
                  {https://www.mcs.anl.gov/petsc/petsc-current/docs/manual.pdf},
}

@Misc{fa18-523-82-AmbariOverview,
  author =       {Sandip M},
  title =        {01. Hadoop Administration Tutorial - Ambari
                  Overview},
  month =        jul,
  year =         2016,
  url =          {https://www.youtube.com/watch?v=VDAh-YzUMm4&t=249s},
}

@Misc{fa18-523-82-AmbariIntro,
  author =       {CloudClump},
  title =        {Introduction to Ambari},
  month =        oct,
  year =         2016,
  url =          {https://www.youtube.com/watch?v=W3Vqz06Djtw},
}

@Misc{fa18-523-82-ApacheAmbari,
  author =       {IntelliPaat},
  title =        {Introduction to Apache Ambari},
  month =        jun,
  year =         2018,
  url =          {https://intellipaat.com/blog/what-is-apache-ambari/},
}

@Misc{fa18-523-82-ambari,
  author =       {Hortonworks},
  title =        {Apache Ambari Overview},
  url =          {https://hortonworks.com/apache/ambari/},
}

@Misc{fa18-523-82-BlinkDB,
  author =       {BlinkDB},
  title =        {BlinkDB},
  url =          {http://blinkdb.org},
}

@Article{DBLP:journals/corr/abs-1203-5485,
  author =       {Sameer Agarwal and Aurojit Panda and Barzan Mozafari
                  and Samuel Madden and Ion Stoica},
  title =        {BlinkDB: Queries with Bounded Errors and Bounded
                  Response Times on Very Large Data},
  journal =      {CoRR},
  year =         2012,
  volume =       {abs/1203.5485},
  archiveprefix ={arXiv},
  bibsource =    {dblp computer science bibliography,
                  https://dblp.org},
  biburl =
                  {https://dblp.org/rec/bib/journals/corr/abs-1203-5485},
  eprint =       {1203.5485},
  timestamp =    {Mon, 13 Aug 2018 16:46:28 +0200},
  url =          {http://arxiv.org/abs/1203.5485},
}

@Misc{fa18-523-82-lustrefilesystem,
  author =       {Seagate Technology LLC},
  title =        {About the Lustre File System},
  url =          {http://lustre.org/about/},
}

@Misc{fa18-523-82-LustreOpensfs,
  author =       {OpenSFS},
  title =        {Lustre File System, Version 2.4 Released},
  month =        oct,
  year =         2018,
  url =
                  {http://opensfs.org/press-releases/lustre-file-system-version-2-4-released/},
}

@Misc{fa18-523-82-lustrewiki,
  author =       {Wikipedia},
  title =        {Lustre (file system)},
  url =          {https://en.wikipedia.org/wiki/Lustre_(file_system)},
}

@Misc{fa18-523-82-HPSLustre,
  author =       {Inside HPC Michael S},
  title =        {Introduction to the Lustre File System},
  month =        apr,
  year =         2015,
  url =
                  {https://insidehpc.com/2015/04/introduction-to-the-lustre-file-system/},
}

@InProceedings{Malewicz:2010:PSL:1807167.1807184,
  author =       {Malewicz, Grzegorz and Austern, Matthew H. and Bik,
                  Aart J.C and Dehnert, James C. and Horn, Ilan and
                  Leiser, Naty and Czajkowski, Grzegorz},
  title =        {Pregel: A System for Large-scale Graph Processing},
  booktitle =    {Proceedings of the 2010 ACM SIGMOD International
                  Conference on Management of Data},
  year =         2010,
  series =       {SIGMOD '10},
  pages =        {135--146},
  address =      {New York, NY, USA},
  publisher =    {ACM},
  acmid =        1807184,
  doi =          {10.1145/1807167.1807184},
  isbn =         {978-1-4503-0032-2},
  keywords =     {distributed computing, graph algorigthms},
  location =     {Indianapolis, Indiana, USA},
  numpages =     12,
  url =          {http://doi.acm.org/10.1145/1807167.1807184},
}

@Misc{fa18-523-82-pregel,
  author =       {Pregel},
  title =        {Pregel: A System for Large-Scale Graph Processing},
  month =        may,
  year =         2015,
  url =
                  {https://blog.acolyer.org/2015/05/26/pregel-a-system-for-large-scale-graph-processing/},
}

@Comment{jabref-meta: databaseType:bibtex;}
