% Encoding: UTF-8

@Misc{fa18-523-53-www-dev.arvados.org,
  title        = {Arvados Contributor Wiki},
  howpublished = {Web Page},
  url          = {https://dev.arvados.org/},
}

@Misc{www-arvados,
  title        = {Arvados},
  howpublished = {Web Page},
  url          = {https://www.arvados.org/},
}
{Mike Burrows, Google Inc,
  author       = {Mike Burrows},
  title        = {Mike Burrows, Google Inc},
  howpublished = {Web Page},
  url          = {https://static.googleusercontent.com/media/research.google.com/en//archive/chubby-osdi06.pdf},
}

@Misc{Wikipedia,
  title        = {Programming with Big Data in R},
  howpublished = {Web Page},
  url          = {https://en.wikipedia.org/wiki/Programming_with_Big_Data_in_R},
}

@Misc{MikeBurrows,
  author       = {Mike Burrows},
  title        = {The Chubby lock service for loosely-coupled distributed systems},
  howpublished = {Web Page},
  url          = {https://static.googleusercontent.com/media/research.google.com/en//archive/chubby-osdi06.pdf},
}

@Comment{jabref-meta: databaseType:bibtex;}
