@Misc{fa18-523-62-helix-apache,
  title =        {Apache Helix},
  howpublished = {Web page},
  owner =        {The Apache Software Foundation},
  url =          {https://helix.apache.org/},
}

@Misc{fa18-523-62-www-theregister,
  author =       {Trevor Pott},
  title =        {What on Earth is Terraform: Life support for
                  explorers of terrifying alien worlds},
  howpublished = {Web page},
  month =        dec,
  year =         2017,
  url =
                  {https://www.theregister.co.uk/2017/12/06/what_is_terraform/},
}

@Misc{fa18-523-62-www-terraform,
  title =        {Terraform},
  howpublished = {Web page},
  owner =        {HashiCorp},
  url =          {https://www.terraform.io/intro/index.html},
}

@Misc{fa18-523-62-stackshare,
  title =        {Terraform},
  howpublished = {Web page},
  owner =        {Stackshare},
  url =          {https://stackshare.io/terraform/in-stacks},
}

@Misc{fa18-523-62-uima-apache,
  title =        {Apache UIMA},
  howpublished = {Web page},
  owner =        {The Apache Software Foundation },
  url =          {https://uima.apache.org/},
}

@Misc{fa18-523-62-www-ibm,
  title =        {Unstructured Information Management Architecture
                  SDK},
  howpublished = {Web page},
  owner =        {IBM},
  url =
                  {https://www.ibm.com/developerworks/data/downloads/uima/index.html},
}

@Misc{fa18-523-62-cwiki-helix,
  author =       {Kishore Gopalakrishna},
  title =        {Powered By Helix},
  howpublished = {Web page},
  month =        dec,
  year =         2017,
  owner =        {Atlassian Confluence},
  url =
                  {https://cwiki.apache.org/confluence/display/HELIX/Powered+By+Helix},
}

@Misc{fa18-523-62-cwiki-apache,
  author =       {Tommaso Teofili},
  title =        {Powered by Apache UIMA},
  howpublished = {Web page},
  month =        dec,
  year =         2015,
  owner =        {Atlassian Confluence},
  url =
                  {https://cwiki.apache.org//confluence/display/UIMA/Powered+by+Apache+UIMA},
}

@Misc{fa18-523-62-wikipedia-UIMA,
  author =       {Wikipedia},
  title =        {UIMA},
  howpublished = {Web page},
  month =        may,
  year =         2018,
  url =          {https://en.wikipedia.org/wiki/UIMA},
}

