% Encoding: UTF-8

@Misc{fa18-423-02-tensorflow2015-whitepaper,
  author = {Mart\'{\i}n~Abadi and Ashish~Agarwal and Paul~Barham and Eugene~Brevdo and Zhifeng~Chen and Craig~Citro and Greg~S.~Corrado and Andy~Davis and Jeffrey~Dean and Matthieu~Devin and Sanjay~Ghemawat and Ian~Goodfellow and Andrew~Harp and Geoffrey~Irving and Michael~Isard and Yangqing Jia and Rafal~Jozefowicz and Lukasz~Kaiser and Manjunath~Kudlur and Josh~Levenberg and Dandelion~Man\'{e} and Rajat~Monga and Sherry~Moore and Derek~Murray and Chris~Olah and Mike~Schuster and Jonathon~Shlens and Benoit~Steiner and Ilya~Sutskever and Kunal~Talwar and Paul~Tucker and Vincent~Vanhoucke and Vijay~Vasudevan and Fernanda~Vi\'{e}gas and Oriol~Vinyals and Pete~Warden and Martin~Wattenberg and Martin~Wicke and Yuan~Yu and Xiaoqiang~Zheng},
  title  = {{TensorFlow}: Large-Scale Machine Learning on Heterogeneous Systems},
  year   = {2015},
  note   = {Software available from tensorflow.org},
  url    = {https://www.tensorflow.org/},
}

@Misc{fa18-423-02-tensorflow-youtube,
  title        = {TensorFlow: Machine Learning for Everyone},
  howpublished = {Youtube Web},
  month        = feb,
  year         = {2017},
  url          = {https://www.youtube.com/watch?v=mWl45NkFBOc&vl=en},
}

@Misc{fa18-423-02-youtube-edureka-tensorflow,
  author       = {Adi Rekha},
  title        = {TensorFlow Tutorial | Deep Learning Using TensorFlow | TensorFlow Tutorial Python | Edureka},
  howpublished = {Youtube Web},
  month        = jul,
  year         = {2017},
  url          = {https://www.youtube.com/watch?v=yX8KuPZCAMo},
}

@Misc{fa18-423-02-tensorflow-graph,
  title        = {TensorFlow Graphs and Sessions},
  howpublished = {Webpage},
  month        = sep,
  year         = {2018},
  url          = {https://www.tensorflow.org/guide/graphs},
}

@Misc{fa18-423-02-infoworld-tensorflow,
  author = {Serdar Yegulalp},
  title  = {What is TensorFlow? The machine learning library explained},
  month  = jun,
  year   = {2018},
  url    = {https://www.infoworld.com/article/3278008/tensorflow/what-is-tensorflow-the-machine-learning-library-explained.html},
}

@Misc{fa18-423-02-blog-cloudera-com,
  author       = {Matteo Bertozzi},
  title        = {How Scaling Really Works in Apache HBase},
  howpublished = {Webpage},
  month        = apr,
  year         = {2013},
  note         = {Accessed on 29-09-2018},
  url          = {http://blog.cloudera.com/blog/2013/04/how-scaling-really-works-in-apache-hbase/},
}

@Misc{fa18-423-02-www-data-flair-training,
  author       = {Data Flair},
  title        = {HBase Use Cases and Real time Applications 2018},
  howpublished = {Webpage},
  month        = jun,
  year         = {2018},
  note         = {Accessed 29-09-2018},
  url          = {https://data-flair.training/blogs/hbase-use-cases/},
}

@Misc{fa18-423-02-www-guru99-com,
  title        = {HBase Architecture, Data Flow, and Use cases},
  howpublished = {Webpage},
  note         = {Accessed 29-09-2018},
  url          = {https://www.guru99.com/hbase-architecture-data-flow-usecases.html},
}

@Misc{fa18-423-02-events-static-linuxfound-org,
  author       = {Apekshit Sharma},
  title        = {Apache HBase: Overview and Use Cases},
  howpublished = {Webpage - PDF},
  url          = {https://events.static.linuxfound.org/sites/events/files/slides/ApacheBigData2016.pdf},
}

@Misc{fa18-423-02-hbase-org,
  author       = {Apache HBase Team},
  title        = {Apache HBase Reference Guide},
  howpublished = {Webpage},
  month        = sep,
  year         = {2018},
  url          = {http://hbase.apache.org/book.html#_architecture},
}

@Misc{fa18-423-02-blog.eduonix.com,
  title        = {How and When should you use HBase NoSQL DB},
  howpublished = {Webpage},
  month        = apr,
  year         = {2016},
  url          = {https://blog.eduonix.com/bigdata-and-hadoop/use-hbase-nosql-db/},
}


@Misc{fa18-423-02-data-turbine,
  title        = {Programming for DataTurbine},
  howpublished = {Webpage},
  year         = {2017},
  url          = {http://dataturbine.org/documentation/programming-for-dataturbine/},
}

@Article{fa18-423-02-open-source-dataturbine,
  author  = {Tony Fountain, Sameer Tilak, Peter Shin, Michael Nekrasov},
  title   = {The Open Source DataTurbine Initiative: Empowering the Scientific Community with Streaming Data Middleware},
  journal = {The Bulletin of the Ecological Society of America},
  year    = {2012},
  volume  = {93},
  month   = {2012},
  url     = {https://ntrs.nasa.gov/archive/nasa/casi.ntrs.nasa.gov/20090019753.pdf},
}


@Misc{fa18-423-02-opencv,
  title        = {About CV},
  howpublished = {Webpage},
  year         = {2018},
  url          = {https://opencv.org/about.html},
}

@Misc{fa18-423-02-opencv-use-case,
  author       = {Ajinkya Dhaigude},
  title        = {OpenCV-UseCases},
  howpublished = {Webpage},
  month        = oct,
  year         = {2016},
  url          = {https://github.com/ad8454/OpenCV-UseCases},
}

@Misc{fa18-423-02-wiki-opencv,
  title        = {OpenCV},
  howpublished = {Webpage},
  month        = aug,
  year         = {2018},
  url          = {https://en.wikipedia.org/wiki/OpenCV},
}

@Comment{jabref-meta: databaseType:bibtex;}
