@Misc{fa18-523-52-Memcached,
  author =       {{Memcached}},
  title =        {About Memcached},
  howpublished = {Web page},
  note =         {About Memcached},
  url =          {https://memcached.org/about},
}

@Misc{fa18-523-52-SNS,
  author =       {{Amazon}},
  title =        {Amazon Simple Notification Service},
  howpublished = {Web page},
  note =         {Amazon SNS},
  url =          {https://aws.amazon.com/sns/},
}

@Misc{fa18-532-52-Tycoon,
  author =       {{FAL Labs}},
  title =        {Kyoto Tycoon: a handy cache/storage server},
  howpublished = {Web page},
  note =         {Tycoon Overview},
  url =          {http://fallabs.com/kyototycoon/},
}

@Misc{fa18-523-52-titan,
  author =       {Titan},
  title =        {Titan Documentation},
  howpublished = {Web page},
  note =         {Architectural Overview},
  url =
                  {http://s3.thinkaurelius.com/docs/titan/1.0.0/arch-overview.html},
}
@Misc{@fa18-523-52-architectural,
  author =       {{Kinja}},
  title =        {Introducing Titan DB},
  howpublished = {Web page},
  note =         {Architectural Overview},
  url =          {https://tech.kinja.com/hack-day-story-introducing-titan-db-1664113385},
}
