@inproceedings{fa18-523-71-GFTpaper,
title	= {Google Fusion Tables: Data Management, Integration, and Collaboration in the Cloud},
author	= {Hector Gonzalez and Alon Halevy and Christian Jensen and Anno Langen and Jayant Madhavan and Rebecca Shapley and Warren Shen},
year	= {2010},
URL	= {http://www.cs.washington.edu/homes/alon/files/socc10.pdf},
booktitle	= {Proceedings of the ACM Symposium on Cloud Computing (SOCC)}
}


@Misc{fa18-523-71-GFT,
  author = {Alon Halevy},
  title  = {{G}oogle {F}usion {T}ables},
  month  = jun,
  year   = {2009},
  url    = {https://ai.googleblog.com/2009/06/google-fusion-tables.html},
}

@Misc{fa18-523-71-GFTwiki,
  title = {{G}oogle {F}usion {T}ables},
  url   = {https://en.wikipedia.org/wiki/Google_Fusion_Tables},
}



@Article{Padala-2007,
  author  = {Padala, Pradeep and Zhu, Xiaoyun and Wang, Zhikui and Singhal, Sharad and Shin, Kang G.},
  title   = {{P}erformance {E}valuation of {V}irtualization {T}echnologies for {S}erver {C}onsolidation},
  journal = {Tech. Rep.},
  year    = {2007},
}

@Misc{fa18-523-71-openVZfeatwiki,
  title    = {Features},
  year     = {2011},
  keywords = { OS Virtualization},
  url      = {https://wiki.openvz.org/index.php?title=Features&mobileaction=toggle_view_mobile},
}

@Misc{fa18-523-71-openVZwiki,
  title    = {OpenVZ},
  year     = {2018},
  url      = {https://en.wikipedia.org/wiki/OpenVZ},
}

@Misc{fa18-523-71-openVZguide,
  title = {{O}pen{VZ} guide},
  url   = {https://download.openvz.org/doc/OpenVZ-Users-Guide.pdf},
}

@Misc{fa18-523-71-LXDblog,
  author = {Stephane Graber},
  title  = {{LXD} 2.0: Introduction to {LXD}},
  url    = {https://blog.ubuntu.com/2016/03/14/lxd-2-0-introduction-to-lxd},
}


@Misc{fa18-523-71-LXD,
  author = {Margaret Rouse},
  title  = {Linux container hypervisor},
  month  = jan,
  year   = {2018},
  url    = {https://searchitoperations.techtarget.com/definition/LXD-Linux-container-hypervisor},
}


@Misc{fa18-523-71-CDMIwiki,
  title = {Cloud Data Management Interface},
  year  = {2018},
  url   = {https://en.wikipedia.org/wiki/Cloud_Data_Management_Interface},
}

@Misc{fa18-523-71-CDMIblog,
  author = {Margret Rouse},
  title  = {Cloud Data Management Interface},
  month  = apr,
  year   = {2012},
  url    = {https://searchstorage.techtarget.com/definition/Cloud-Data-Management-Interface},
}


@Misc{fa18-523-71-CDMImedtyp,
  author = {K, Sankar},
  title  = {Cloud Data Management Interface (CDMI) Media Types},
  month  = sep,
  year   = {2010},
  url    = {https://tools.ietf.org/id/draft-cdmi-mediatypes-02.xml},
}

