@Misc{fa18-523-59-www-azuresql-azuresqldatabse
  author = {BARRY LUIJBREGTS},
  title  = {Compare Azure SQL Database vs. Azure SQL Data Warehouse: Definitions, Differences and When to Use},
  month  = feb,
  year   = {2018},
  url    = {https://stackify.com/azure-sql-database-vs-warehouse/},
}
