@Misc{fa18-523-84-bbc-azure-data-factory,
  author =       {Matthew Wall},
  title =        {Big Data: Are you ready for blast-off?},
  howpublished = {Web page},
  month =        mar,
  year =         2014,
  note =         {Article about the size and growth of big data. Helps
                  clarify the case for why a tool like Azure Data
                  Factory is necessary.},
  url =          {https://www.bbc.com/news/business-26383058},
}

@Misc{fa18-523-84-microsoft-azure-data-factory,
  author =       {Sharon Lo and Douglas Laudenschlager and Craig Casey
                  and Sreedhar Pelluru and Abhishek Narain},
  title =        {Introduction to Azure Data Factory},
  howpublished = {Web page},
  month =        jan,
  year =         2018,
  note =         {Data Factory documentation},
  url =
                  {https://docs.microsoft.com/en-us/azure/data-factory/introduction},
}

@Misc{fa18-523-84-microsoft-adf-overview,
  author =       {Microsoft},
  title =        {Data Factory Product Overview},
  howpublished = {Web page},
  url =
                  {https://azure.microsoft.com/en-us/services/data-factory/},
}

@Misc{fa18-523-84-choosing-etl,
  author =       {Jennifer Hudiono},
  title =        {How to Choose the Right ETL Tool for Your Business},
  howpublished = {Web page},
  month =        aug,
  year =         2017,
  url =
                  {https://blog.chartio.com/posts/how-to-choose-the-right-etl-tool-for-your-business},
}

@Misc{fa18-523-84-mulesoft,
  author =       {MuleSoft},
  title =        {MuleSoft Anypoint Exchange},
  howpublished = {Web page},
  url =          {https://www.mulesoft.com/exchange/},
}

@Misc{fa18-523-84-aws-glue-price,
  author =       {Amazon},
  title =        {AWS Glue Pricing},
  howpublished = {Web page},
  url =          {https://aws.amazon.com/glue/pricing/},
}

@Misc{fa18-523-84-adf-pricing,
  author =       {Microsoft},
  title =        {Microsoft Data Factory Pricing},
  howpublished = {Web page},
  url =
                  {https://azure.microsoft.com/en-us/pricing/details/data-factory/data-pipeline/},
}

@Conference{fa18-523-84-MLbase-conference,
  author    = {Tim Kraska and Ameet Talwalkar and John Duchi and Rean Griffith and Michael Franklin and Michael Jordan},
  title     = {MLbase: A Distributed Machine-learning System},
  booktitle = {CIDR 2013},
  year      = {2013},
  url       = {https://amplab.cs.berkeley.edu/wp-content/uploads/2013/01/dmx1.pdf},
}

@Misc{fa18-523-84-MLbase-youtube,
  author =       {Tim Kraska},
  title =        {MLbase: A Distributed Machine Learning System},
  howpublished = {Youtube},
  month =        oct,
  year =         2013,
  url =          {https://www.youtube.com/watch?v=W-WPclNo8v0},
}
