@Misc{Hortonworks1,
  title        = {Hortonworks DataFlow (HDF)},
  howpublished = {Web page},
  owner        = {hortonworks},
  url          = {https://hortonworks.com/products/data-platforms/hdf/},
}

@Misc{PolyBase1,
  author       = {Premier Developer},
  title        = {PolyBase â€“ How SQL Server does Big data},
  howpublished = {Web page},
  owner        = {Microsoft},
  url          = {https://blogs.msdn.microsoft.com/premier_developer/2018/02/12/polybase-how-sql-server-does-big-data/},
}

@Misc{MRQL1,
  author       = {Desk Editor},
  title        = {MRQL - a SQL on Hadoop Miracle},
  howpublished = {Web page},
  owner        = {Hadoopsphere},
  url          = {http://www.hadoopsphere.com/2013/04/mrql-sql-on-hadoop-miracle.html},
}

@Misc{MRQL2,
  title        = {MRQL - A Query Processing and Optimization System},
  howpublished = {Web page},
  owner        = {Apache},
  url          = {http://mrql.incubator.apache.org/},
}

@Misc{MRQL3,
  title        = {LanguageDescription - Mrql Wiki},
  howpublished = {Web page},
  owner        = {Mrql wiki},
  url          = {https://wiki.apache.org/mrql/LanguageDescription},
}

@Misc{NWB1,
  author       = {Dr. Wasserman},
  title        = {Network Workbench Tool},
  howpublished = {Web page},
  owner        = {ResearchGate},
  url          = {https://www.researchgate.net/publication/228906060_Network_Workbench_Tool},
}
