@Misc{fa18-523-85-daal,
  author       = {Intel Develop Zone},
  title        = {Intel Data Analytics Acceleration Library (Intel DAAL)},
  howpublished = {online},
  year         = {2017},
  url          = {https://software.intel.com/en-us/intel-daal},
}
@Misc{fa18-523-85-blaze,
  author       = {Blaze},
  title        = {The Blaze Ecosystem},
  howpublished = {online},
  year         = {2016},
  url          = {http://blaze.pydata.org},
}
@Misc{fa18-523-85-lxc,
  author       = {Linux},
  title        = {What's LXC?},
  howpublished = {online},
  year         = {2016},
  url          = {https://linuxcontainers.org/lxc/introduction/},
}
@Misc{fa18-523-85-wiki-lxc,
  author       = {Eric Biederman},
  title        = {LXC},
  howpublished = {online},
  year         = {2008},
  url          = {https://en.wikipedia.org/wiki/LXC},
}
@Misc{fa18-523-85-osgi,
  author       = {Gondooley},
  title        = {OSGi},
  howpublished = {online},
  year         = {2000},
  url          = {https://en.wikipedia.org/wiki/OSGi},
}
