@Misc{fa18-523-73-Cohen2002,
  author       = {Cohen, Bram},
  title        = {BitTorrent Wikipedia},
  howpublished = {online},
  year         = {2002},
  url          = {https://en.wikipedia.org/wiki/BitTorrent},
}

@Misc{fa18-523-73-wikipedia2008,
  author       = {Wikipedia},
  title        = {DataNucleus Wikipedia},
  howpublished = {online},
  year         = {2008},
  url          = {https://en.wikipedia.org/wiki/DataNucleus},
}

@Misc{fa18-523-73-Hassell2014,
  author       = {Hassell, Jonathan},
  title        = {Microsoft Azure Wikipedia},
  howpublished = {online},
  year         = {2014},
  url          = {https://en.wikipedia.org/wiki/Microsoft_Azure},
}

@Book{fa18-523-73-Harkness2017,
  title     = {Big data: Does size matter},
  publisher = {Bloomsbury Sigma},
  year      = {2017},
  author    = {Harkness, T},
  url       = {https://books.google.com/books?id=kL0yvgAACAAJ&dq=Big+data:+Does+size+matter?&hl=en&sa=X&ved=0ahUKEwjDjNbIzqTeAhVJ9YMKHaWuCiIQ6AEIMDAB},
}
