@Article{bigquery-inside-look,
  author =       {Kaunori Sato},
  title =        {An Inside Look at Google BigQuery},
  journal =      {Gooogle Whitepapers},
  year =         2012,
  month =        sep,
  url =
                  {https://cloud.google.com/files/BigQueryTechnicalWP.pdf},
}

@Misc{www-bigquery-cloud-analytics,
  author =       {Lain Thomson},
  title =        {Google Opens BigQuery for Cloud Analytics},
  howpublished = {Web page},
  month =        nov,
  year =         2011,
  url =
                  {https://www.theregister.co.uk/Print/2011/11/14/google_bigquery_cloud_analytics/},
}

@Misc{www-bigquery-client-libraries,
  author =       {Google},
  title =        {BigQuery Client Libraries},
  howpublished = {Web page},
  month =        sep,
  year =         2018,
  url =
                  {https://cloud.google.com/bigquery/docs/reference/libraries},
}

@Article{www-ftp-linux-man,
  author         = {Linux},
  title          = {ftp(1) - Linux man page},
  howpublished   = {Web page},
  year           =         1999,
  url =          {https://linux.die.net/man/1/ftp}
}

@Article{www-rfc114,
  author =       {A. Bhushon},
  title =        {A File Transfer Protocol},
  howpublished = {Web page},
  month =        apr,
  year =         1971,
  url =          {https://tools.ietf.org/html/rfc114}
}

@Misc{www-disco-project,
  author =       {Shayan Pooya},
  title =        {discoproject},
  howpublished = {Web page},
  month =        dec,
  year =         2016,
  url =          {https://github.com/discoproject/disco}
}

@Misc{www-openid-phishing,
  author =       {Marco Slot},
  title =        {Beginner's Guide to OpenID Phishing},
  howpublished = {Web page},
  month =        nov,
  year =         2008,
  url =
                  {https://blog.rootshell.be/2008/11/05/beginners-guide-to-openid-phishing/}
}

@Article{openid-auth,
  comment={ERROR},
  author =       {oath},
  title =        {User Authentication with OAuth 2.0},
  year =         2014,
  url =          {https://oauth.net/articles/authentication/}
}
