% Encoding: UTF-8

@InProceedings{fa18-523-68-Ismael-jclouds:2015,
  author =       {M. A. d. C. Ismael and C. A. d. Silva and
                  G. C. Silva and R. R\`},
  title =        {An Empirical Study for Evaluating the Performance of
                  jclouds},
  booktitle =    {2015 IEEE 7th International Conference on Cloud
                  Computing Technology and Science},
  year =         2015,
  pages =        {115-122},
}

@InProceedings{fa18-523-68-Ismael-jclouds,
  author =       {M. A. d. C. Ismael and C. A. d. Silva and
                  G. C. Silva and R. R\`},
  title =        {An Empirical Study for Evaluating the Performance of
                  jclouds},
  booktitle =    {2015 IEEE 7th International Conference on Cloud
                  Computing Technology and Science},
  year =         2015,
  pages =        {115-122},
}

@Misc{fa18-523-68-www-ceph-architecture,
  author =       {Ceph},
  title =        {Ceph Architecture},
  howpublished = {Web page},
  month =        oct,
  year =         2018,
  owner =        {fa18-523-68},
  url =          {http://docs.ceph.com/docs/master/architecture/},
}

@Misc{fa18-523-68-www-rackspace-jclouds,
  author =       {Rackspace},
  title =        {jclouds is an Apache Top Level Project},
  howpublished = {Web page},
  month =        oct,
  year =         2018,
  owner =        {fa18-523-68},
  url =
                  {https://developer.rackspace.com/blog/jclouds-is-an-apache-tlp/},
}

@Misc{fa18-523-68-www-what-is-jclouds,
  author =       {Apache jclouds},
  title =        {What is jclouds?},
  howpublished = {Web page},
  month =        oct,
  year =         2018,
  owner =        {fa18-523-68},
  url =          {https://jclouds.apache.org/start/what-is-jclouds/},
}

@Misc{fa18-523-68-www-jclouds-slideshare,
  author =       {Hiranya Jayathilaka},
  title =        {An introduction to Apache JClouds, featuring the
                  compute service API and blobstore.},
  howpublished = {Web page},
  month =        oct,
  year =         2018,
  owner =        {fa18-523-68},
  url =          {https://www.slideshare.net/hiranya911/jclouds},
}

@Misc{fa18-523-68-www-jclouds-concepts,
  author =       {Apache jclouds},
  title =        {jclouds Core Concepts},
  howpublished = {Web page},
  month =        oct,
  year =         2018,
  owner =        {fa18-523-68},
  url =          {https://jclouds.apache.org/start/concepts/},
}

@Misc{fa18-523-68-www-ceph-block,
  author =       {Ceph},
  title =        {Ceph Block Storage},
  howpublished = {Web page},
  month =        oct,
  year =         2018,
  owner =        {fa18-523-68},
  url =          {https://ceph.com/ceph-storage/block-storage/},
}

@Misc{fa18-523-68-www-ceph-intro,
  author =       {Ceph},
  title =        {Intro to Ceph},
  howpublished = {Web page},
  month =        oct,
  year =         2018,
  owner =        {fa18-523-68},
  url =          {http://docs.ceph.com/docs/master/start/intro/},
}

@Misc{fa18-523-68-www-es-about,
  author =       {eScience Central},
  title =        {eScience Central About},
  howpublished = {Web page},
  month =        oct,
  year =         2018,
  owner =        {fa18-523-68},
  url =          {http://www.esciencecentral.co.uk/?page_id=10},
}

@Misc{fa18-523-68-www-escience-central-about,
  author =       {eScience Central},
  title =        {eScience Central About},
  howpublished = {Web page},
  month =        oct,
  year =         2018,
  owner =        {fa18-523-68},
  url =          {http://www.esciencecentral.co.uk/?page_id=10},
}

@Misc{fa18-523-68-www-opennebula-concept,
  author =       {OpenNebula},
  title =        {OpenNebula Concepts and Terminology},
  howpublished = {Web page},
  month =        oct,
  year =         2018,
  owner =        {fa18-523-68},
  url =
                  {http://docs.opennebula.org/5.6/intro_release_notes/concepts_terminology/intro.html},
}

@Article{fa18-523-68-hiden-eSC:2012,
  author =       {H. Hiden and S. Woodman and P. Watson and J. Cala},
  title =        {Developing cloud applications using the e-Science
                  Central platform},
  journal =      {Philosophical Transactions of the Royal Society A:
                  Mathematical, Physical and Engineering Sciences},
  year =         2012,
  volume =       371,
  number =       1983,
  month =        {dec},
  doi =          {10.1098/rsta.2012.0085},
  publisher =    {The Royal Society},
}

@Article{fa18-523-68-Moreno_Vozmediano-IaaS_Cloud:2012,
  author =       {Rafael Moreno-Vozmediano and Montero and Ignacio
                  M. Llorente},
  title =        {{IaaS} Cloud Architecture: From Virtualized
                  Datacenters to Federated Cloud Infrastructures},
  journal =      {Computer},
  year =         2012,
  volume =       45,
  number =       12,
  pages =        {65--72},
  month =        {dec},
  doi =          {10.1109/MC.2012.76},
  publisher =    {Institute of Electrical and Electronics Engineers
                  ({IEEE})},
}

@Comment{jabref-meta: databaseType:bibtex;}
