@Article{fa18-423-03-berkeleydb-design,
  comment={ERROR replace all underscore with - in bib and md files for the labels you define here},
  author  = {Margo Seltzer, Keith Bostic},
  title   = {Berkeley DB},
  journal = {The Architecture of Open Source Applications: Elegance, Evolution, and a Few Fearless Hacks},
  year    = {2010},
}

@Article{fa18-423-03-beanstalk-codecamp,
  author  = {Jared Nutt},
  title   = {How to deploy a Node.js app to the AWS Elastic Beanstalk},
  journal = {freeCodeCamp},
  year    = {2018},
}

@Article{fa18-423-03-beanstalk-insider,
  author  = {Margaret Rouse},
  title   = {AWS Elastic Beanstalk},
  journal = {SearchAWS},
  year    = {2014},
}

@Misc{fa18-423-03-beanstalk-survival,
  author       = {Colin Toh},
  title        = {AWS Elastic Beanstalk Survival Guide},
  howpublished = {Web},
  month        = jan,
  year         = {2016},
}

@Misc{fa18-423-03-berkeleydb-intro,
  comment={ERROR},
  title        = {What is Berkeley DB?},
  howpublished = {Web},
  note         = {https://web.stanford.edu/class/cs276a/projects/docs/berkeleydb/ref/intro/dbis.html},
}

