@Misc{fa18-523-86-www--cloudability,
  author =       {{Cloudability, Inc.}},
  title =        {Claudability Home Page},
  howpublished = {Web page},
  year =         2018,
  month =        oct,
  url =          {https://www.cloudability.com/},
}


@Misc{fa18-523-86-www--cloudability-AWS,
  author =       {{Amazon, Inc.}},
  title =        {Cloudability's AWS},
  howpublished = {Web page},
  year =         2018,
  month =        oct,
  url =          {https://aws.amazon.com/marketplace/pp/B008871JYS/ref=mkt_blg_wir120608},
}
