% Encoding: UTF-8

@Misc{fa18-523-65-cascading-1,
  comment =      {ERROR},
  title =        {Cascading},
  howpublished = {Web Page},
  url =          {https://www.cascading.org/},
}

@Misc{fa18-523-65-kafka-1,
  comment =      {ERROR},
  title =        {kafka},
  howpublished = {Web Page},
  url =          {https://kafka.apache.org/intro},
}

@Misc{fa18-523-65-kafka-2,
  comment =      {ERROR},
  title =        {Dzone},
  howpublished = {Web Page},
  url =          {https://dzone.com/articles/what-is-kafka},
}

@Misc{fa18-523-65-sentry-1,
  comment =      {ERROR},
  title =        {Hadoop data security and sentry},
  howpublished = {Web Page},
  url =
                  {https://www.ibm.com/developerworks/library/se-hadoop/index.html},
}

@Misc{fa18-523-65-nimbus-1,
  comment =      {ERROR},
  title =        {Nimbus},
  howpublished = {Web Page},
  url =
                  {http://www.nimbusproject.org/doc/nimbus/faq/#what-is-nimbus},
}

@Misc{fa18-523-65-nimbus-2,
  comment={ERROR},
  author =       {Omid Mashayekhi and Hang Qu and Chinmayee Shah and
                  Philip Levis},
  title =        {Scalable, fast cloud computing with execution
                  templates},
  howpublished = {Paper},
  url =          {https://hci.stanford.edu/cstr/reports/2016-02.pdf},
}

@Misc{fa18-523-65-nimbus-3,
  comment =      {ERROR},
  title =        {Nimbus and cloud computing meet star production
                  demands},
  howpublished = {Web Page},
  url =
                  {https://www.sciencedaily.com/releases/2009/04/090406083906.htm},
}

@Comment{jabref-meta: databaseType:bibtex;}
