% Encoding: UTF-8

@Misc{@fa18-523-83-cloudave,
  author       = {Krishnan Subramanian},
  title        = {Ubuntu Ensemble Is Now Juju},
  howpublished = {Web page},
  month        = sep,
  year         = {2011},
  note         = {Online; accessed 7-Oct-2018},
  url          = {https://www.cloudave.com/14950/ubuntu-ensemble-is-now-juju/},
}

@Misc{@fa18-523-83-juju-wiki,
  title        = {Juju (software)},
  howpublished = {Web page},
  note         = {Online; accessed 7-Oct-2018},
  url          = {https://en.wikipedia.org/wiki/Juju_(software)},
}

@Misc{@fa18-523-83-discoversdk-juju,
  howpublished = {Web page},
  note         = {Online; accessed 7-Oct-2018},
  url          = {http://www.discoversdk.com/products/juju#/overview},
}

@Misc{@fa18-523-83-slurm-schedulemd,
  howpublished = {Web page},
  note         = {Online; accessed 7-Oct-2018},
  url          = {https://slurm.schedmd.com/overview.html},
}

@Misc{@fa18-523-83-slurm-workload-manager-wiki,
  title        = {Slurm Workload Manager},
  howpublished = {Web page},
  note         = {Online; accessed 7-Oct-2018},
  url          = {https://en.wikipedia.org/wiki/Slurm_Workload_Manager},
}

@Misc{@fa18-523-83-slurm-ibm,
  author       = {M. Tim Jones},
  title        = {Optimizing resource management in supercomputers with SLURM},
  howpublished = {Web page},
  month        = may,
  year         = {2012},
  note         = {Online; accessed 7-Oct-2018},
  url          = {https://www.ibm.com/developerworks/library/l-slurm-utility/index.html},
}

@Misc{@fa18-523-83-sap-saphana,
  howpublished = {Web page},
  note         = {Online; accessed 7-Oct-2018},
  url          = {https://www.sap.com/products/hana.html},
}

@Misc{@fa18-523-83-sap-hana-wiki,
  howpublished = {Web page},
  note         = {Online; accessed 7-Oct-2018},
  url          = {https://en.wikipedia.org/wiki/SAP_HANA},
}
 
@InProceedings{@fa18-523-83-flumeJava-parallel-pipelines,
  author    = {Craig Chambers and Ashish Raniwala and Frances Perry and Stephen Adams and Robert Henry and Robert Bradshaw and Nathan},
  title     = {FlumeJava: Easy, Efficient Data-Parallel Pipelines},
  booktitle = {ACM SIGPLAN Conference on Programming Language Design and Implementation (PLDI)},
  year      = {2010},
  pages     = {364-375},
  address   = {2 Penn Plaza, Suite 701 New York, NY 10121-0701},
  url       = {http://dl.acm.org/citation.cfm?id=1806638},
}

@Misc{@fa18-523-83-flumejava-wired,
  author       = {Cade Metz},
  title        = {GOOGLE UNLEASHES MORE BIG-DATA GENIUS WITH A NEW CLOUD SERVICE},
  howpublished = {Web page},
  note         = {Online; accessed 7-Oct-2018},
  url          = {https://www.wired.com/2014/06/google-cloud-data-flow/},
}

@Misc{@fa18-523-83-flumejava-bp3,
  author       = {Nolan Grace},
  title        = {History of Hadoop: MapReduce and FlumeJava},
  howpublished = {Web page},
  note         = {Online; accessed 7-Oct-2018},
  url          = {https://www.bp-3.com/blog/history-of-distributed-computing-hadoop-mapreduce-and-flumejava/},
}

@Misc{@fa18-523-83-symmetrycorp-saphana,
  author       = {Curtis Gaska},
  title        = {What is SAP HANA? [2018 Updated Guide]},
  howpublished = {Web page},
  month        = june,
  year         = {2018},
  note         = {Online; accessed 8-Oct-2018},
  url          = {https://symmetrycorp.com/blog/what-is-sap-hana/},
}

@Misc{@fa18-523-83-sap-hana-features,
  howpublished = {Web page},
  note         = {Online; accessed 8-Oct-2018},
  url          = {https://www.sap.com/products/hana/features.html/},
}

@Misc{@fa18-523-83-juju-jujucharms,
  howpublished = {Web page},
 note         = {Online; accessed 8-Oct-2018},
  url          = {https://jujucharms.com/how-it-works},
}

@Misc{@fa18-523-83-slurm-nvidia,
  howpublished = {Web page},
  note         = {Online; accessed 8-Oct-2018},
  url          = {https://developer.nvidia.com/slurm},
}
 
@Comment{jabref-meta: databaseType:bibtex;}
