@Misc{fa18-523-58-Heat,
author       = {Super User},
title        = {A Quick Introduction to Openstack Heat},
howpublished = {Website},
month        = jan,
year         = {2017},
note         = {Accessed on 10-28-2018},
url          = {http://superuser.openstack.org/articles/quick-intro-openstack-heat/},
}

@Misc{fa18-523-58-MSFT-Dryad,
author       = {Microsoft},
title        = {Dryad},
howpublished = {Website},
month        = dec,
year         = {2014},
note         = {Accessed on 10-28-2018},
url          = {https://www.microsoft.com/en-us/research/project/dryad/},
}

@Misc{fa18-523-58-DC-JS-TP,
author       = {Tutorials Point},
title        = {DC.js Tutorial},
howpublished = {Website},
note         = {Accessed on 10-28-2018},
url          = {https://www.tutorialspoint.com/dcjs/},
}

@Misc{fa18-523-58-Atmosphere,
author       = {CyVerse},
title        = {Atmosphere},
howpublished = {Website},
note         = {Accessed on 10-28-2018},
url          = {https://wiki.cyverse.org/wiki/display/atmman/About+Atmosphere},
}
