@Misc{www-ms-sql-server,
  title =        {MS SQL Server},
  howpublished = {Web Page},
  author =       {{Microsoft}},
  month =        nov,
  year=          {2018},
  owner =        {fa18-523-66},
  note =         {Accessed},
  url =          {https://www.microsoft.com/en-us/sql-server/sql-server-2017},
}

@Misc{www-oracle-database,
  title =        {Oracle Database},
  howpublished = {Web Page},
  author =       {{Oracle}},
  month =         nov,
  year =         {2018},
  owner =        {fa18-523-66},
  note =         {Accessed},
  url =          {https://www.oracle.com/technetwork/database/windows/index-088762.html},
}

@Misc{www-apache-derby,
  title =        {Apache Derby},
  howpublished = {Web Page},
  author =       {{Apache}},
  month =        nov,
  year =         {2018},
  owner =        {fa18-523-66},
  note =         {Accessed},
  url =          {https://db.apache.org/derby/},
}

@Misc{www-apache-taverna,
  title =        {Apache Taverna},
  howpublished = {Web Page},
  author =       {{Apache}},
  month =         nov,
  year =         {2018},
  owner =        {fa18-523-66},
  note =         {Accessed},
  url =          {https://taverna.incubator.apache.org/},
}

@Misc{www-derby-wiki,
  title =        {Apache Derby},
  howpublished = {Web Page},
  author =       {{Wikipedia}},
  month =         nov,
  year =         {2018},
  owner =        {fa18-523-66},
  note =         {Accessed},
  url =          {https://en.wikipedia.org/wiki/Apache_Derby},
}

@Misc{www-taverna-wiki,
  title =        {Apache Taverna},
  howpublished = {Web Page},
  author =       {{Wikipedia}},
  month =        oct,
  year =         {2018},
  owner =        {fa18-523-66},
  note =         {Accessed},
  url =          {https://en.wikipedia.org/wiki/Apache_Taverna},
}

@Misc{www-taverna-pred-analytics,
  title =        {Apache Taverna-Review},
  howpublished = {Web Page},
  author =       {PredictiveAnalyticsToday},
  month =        oct,
  year =         {2018},
  owner =        {fa18-523-66},
  note =         {Accessed},
  url =          {https://www.predictiveanalyticstoday.com/apache-taverna/},
}

@Misc{www-r-project,
  title =        {R Programming Language},
  howpublished = {Web Page},
  author =       {{R}},
  month =         oct,
  year =         {2018},
  owner =        {fa18-523-66},
  note =         {Accessed},
  url =          {https://www.r-project.org/},
}

@Misc{www-r-or-python,
  title =        {If you want to upgrade your data analysis skills,
                  which programming language should you learn?},
  howpublished = {Web Page},
  author =       {Dan Kopf},
  month =         sept,
  year =         {2018},
  owner =        {fa18-523-66},
  url =
                  {https://qz.com/1063071/the-great-r-versus-python-for-data-science-debate/},
}

@Misc{www-taverna-intro,
  title =        {Introduction-What is taverna},
  howpublished = {Web Page},
  author =       {{Apache}},
  month =        oct,
  year =         {2018},
  owner =        {fa18-523-66},
  note =         {Accessed},
  url =          {https://taverna.incubator.apache.org/introduction/},
}

@Misc{www-r-wiki,
  title =        {R(programming language)},
  howpublished = {Web Page},
  author =       {{Wikipedia}},
  month =        oct,
  year =         {2018},
  owner =        {fa18-523-66},
  note =         {Accessed},
  url =          {https://en.wikipedia.org/wiki/R_(programming_language)},
}

@Misc{www-snort-wiki,
  title =        {Snort (software)},
  howpublished = {Web Page},
  author =       {{Wikipedia}},
  month =         oct,
  year =         {2018},
  owner =        {fa18-523-66},
  note =         {Accessed},
  url =          {https://en.wikipedia.org/wiki/Snort_(software)},
}

@Misc{www-snort-cisco,
  title =        {Snort: The World's Most Widely Deployed IPS
                  Technology},
  howpublished = {Web Page},
  month =        nov,
  year =         {2014},
  author =       {{Cisco}},
  owner =        {fa18-523-66},
  url =
                  {https://www.cisco.com/c/en/us/products/collateral/security/brief_c17-733286.html},
}

@Misc{www-snort,
  title =        {Snort},
  howpublished = {Web Page},
  author =       {{Cisco}},
  month =         oct,
  year =         {2018},
  owner =        {fa18-523-66},
  note =         {Accessed},
  url =          {https://www.snort.org/},
}


@Article{article-taverna-paper,
  author  = {Katherine Wolstencroft and Robert Hainesand Donal Fellowsand Alan Williamsand David Withers and Stuart Owen and Stian Soiland-Reyesand Ian Dunlop and Aleksandra Nenadic and Paul Fisher and Jiten Bhagat and Khalid Belhajjame and Finn Bacall and Alex Hardisty and Abraham Nieva de la Hidalga and Maria P. Balcazar Vargas and Shoaib Sufi and Carole Goble},
  title   = {The Taverna workflow suite: designing and executing workflows of Web Services on the desktop, web or in the cloud},
  journal = {Nucleic Acids Research},
  year    = {2013},
  volume  = {41},
  number  = {W557--W561},
  owner   = {fa18-523-66},
  url     = {https://www.ncbi.nlm.nih.gov/pmc/articles/PMC3692062/},
}

@InBook{inbook-derby-book,
  chapter   = {Introduction},
  pages     = {8--11},
  title     = {Apache Derby -- Off to the Races: Includes Details of IBM Cloudscape},
  publisher = {Pearson},
  year      = {2005},
  author    = {Paul C. Zikopoulos and George Baklarz and Dan Scott},
  owner     = {fa18-523-66},
  url       = {http://www.informit.com/articles/article.aspx?p=422309&seqNum=8},
}

@Article{article-snort-paper,
  author  = {Michael P. Brennan},
  title   = {Using Snort For a Distributed Intrusion Detection System},
  journal = {SANS Institute},
  year    = {2002},
  owner   = {fa18-523-66},
  url     = {https://www.sans.org/reading-room/whitepapers/detection/snort-distributed-intrusion-detection-system-352},
}

