@Article{fa18-423-06-www-PaaS-Defintion,
  author  = {Brandon Butler},
  title   = {PaaS Primer: What is platform as a service and why does it matter?},
  journal = {NetworkWorld},
  year    = {2013},
  month   = feb,
  url     = {https://www.networkworld.com/article/2163430/cloud-computing/paas-primer--what-is-platform-as-a-service-and-why-does-it-matter-.html},
}
@Conference{fa18-423-06-www-Chu-Devoxx,
  author    = {Howard Chu},
  title     = {DEVOXX France},
  booktitle = {The Lightening Memory-Mapped Database (LMDB)},
  year      = {2013},
  url       = {https://www.youtube.com/watch?v=Rx1-in-a1Xc},
}
@Misc{fa18-423-06-www-LMDB,
  author       = {Howard Chu},
  title        = {Lightning Memory-Mapped Database Manager (LMDB)},
  howpublished = {Online},
  month        = dec,
  year         = {2015},
  note         = {LMDB Webpage},
  url          = {http://www.lmdb.tech/doc/},
}
@Misc{fa18-423-06-www-lmdb.tech,
  author       = {Howard Chu},
  title        = {Lightning Memory-Mapped Database Manager (LMDB)},
  howpublished = {Online},
  month        = dec,
  year         = {2015},
  url          = {http://www.lmdb.tech/doc/},
}
@Misc{fa18-423-06-www-IBM-Cloud,
  author       = {Margaret Rouse},
  title        = {IBM Cloud (formerly IBM Bluemix and IBM SoftLayer)},
  howpublished = {Online},
  month        = may,
  year         = {2017},
  url          = {https://searchcloudcomputing.techtarget.com/definition/IBM-Bluemix},
}
@Misc{fa18-423-06-www-Oracle-Autonomous,
  author       = {Alan Zeichick},
  title        = {What Makes Oracle Autonomous Database Truly 'Autonomous'},
  howpublished = {Online},
  month        = oct,
  year         = {2018},
  url          = {https://www.forbes.com/sites/oracle/2018/10/10/what-makes-oracle-autonomous-database-truly-autonomous/#6962d5742de6},
}
@Misc{fa18-423-06-www-IBM-Bluemix,
  author       = {IBM},
  title        = {IBM Cloud (Formerly IBM BlueMix)},
  howpublished = {Online},
  month        = nov,
  year         = {2018},
  note         = {IBM BlueMix Homepage},
  url          = {https://console.bluemix.net/docs/overview/ibm-cloud.html#overview},
}
@Article{fa18-423-06-www-IBM-Walmart,
  author  = {Leo Sun},
  title   = {IBM and Microsoft Are Upgrading Walmart's Digital Supply Chain},
  journal = {Motley Fool},
  year    = {2018},
  month   = sep,
  url     = {https://www.fool.com/investing/2018/09/30/ibm-and-microsoft-are-upgrading-walmarts-digital-s.aspx},
}
@Article{fa18-423-06-www-Blockchain-BlueMix,
  author  = {Naveen Honest Raj},
  title   = {Beginner's Guide to deploying your Blockchain in IBM Bluemix},
  journal = {Hackernoon},
  year    = {2018},
  month   = may,
  url     = {https://hackernoon.com/beginners-guide-to-deploying-your-blockchain-in-ibm-bluemix-da11d09f3914},
}
@Misc{fa18-423-06-www-Oracle-Amazon,
  author       = {Eugene Kim},
  title        = {Amazon's move off Oracle caused Prime Day outage in one of its biggest warehouses, internal report says},
  howpublished = {Online},
  month        = oct,
  year         = {2018},
  url          = {https://www.cnbc.com/2018/10/23/amazon-move-off-oracle-caused-prime-day-outage-in-warehouse.html},
}
@Misc{fa18-423-06-www-Oracle-Defintion,
  author       = {Techopedia},
  title        = {Oracle Database (Oracle DB)},
  howpublished = {Online},
  url          = {https://www.techopedia.com/definition/8711/oracle-database},
}
@Misc{fa18-423-06-www-Oracle-DB,
  author       = {Oracle},
  title        = {Oracle Database},
  howpublished = {Online},
  note         = {Oracle DB Homepage},
  url          = {https://www.oracle.com/database/index.html},
}
@Conference{fa18-423-06-www-BigTable-Article,
  author       = {Burrows, M. and Chandra, T. and Chang, F. and Dean, J. and Fikes, A. and Ghemawat, S. and Gruber, R. and Hsieh, W. C. and Wallach, D. A.},
  title        = {USENIX Symposium on Operating Systems Design and Implementation},
  booktitle    = {Bigtable: A Distributed Atorage System for Structured Data},
  year         = {2006},
  organization = {Google, Inc.},
  url          = {https://storage.googleapis.com/pub-tools-public-publication-data/pdf/68a74a85e1662fe02ff3967497f31fda7f32225c.pdf},
}
@Misc{fa18-423-06-www-BigTable,
  author       = {Google, Inc.},
  title        = {Cloud BigTable},
  howpublished = {Online},
  note         = {BigTable WebPage},
  url          = {https://cloud.google.com/bigtable/},
}
@Misc{fa18-423-06-www-BigTable-Scholarly-Article,
  author       = {Paul Krzyzanowski},
  title        = {BigTable: A NoSQL massively parallel table},
  howpublished = {Online},
  month        = nov,
  year         = {2011},
  url          = {https://www.cs.rutgers.edu/~pxk/417/notes/content/bigtable.html},
}
@Misc{fa18-423-06-www-Amazon-Redshift,
  author       = {Amazon},
  title        = {Amazon Redshift},
  howpublished = {Online},
  url          = {https://aws.amazon.com/redshift/},
}
@Misc{fa18-423-06-www-Amazon-ParAccel,
  author       = {Andrew Brust},
  title        = {Amazon Redshift: ParAccel in, costly appliances out},
  howpublished = {Online},
  month        = nov,
  year         = {2012},
  url          = {https://www.zdnet.com/article/amazon-redshift-paraccel-in-costly-appliances-out/},
}
@Misc{fa18-423-06-www-Redshift-Review,
  author       = {Richard Thelwell},
  title        = {What is Amazon Redshift? AWS's "fastest growing service" unboxed},
  howpublished = {Online},
  url          = {https://www.matillion.com/blog/redshift/what-is-amazon-redshift-aws/},
}
@Misc{fa18-423-06-www-Redshift-Video,
  author       = {Amazon Web Services},
  title        = {Introduction to Amazon Redshift - Data Warehouse Solution on AWS},
  howpublished = {Youtube},
  month        = feb,
  year         = {2015},
  url          = {https://www.youtube.com/watch?v=AUvn49gey8Y},
}
