@Misc{www-en-wikipedia-sqlite,
  author  =      {{Wikipedia}},
  title =        {SQlite},
  howpublished = {Web page},
  key =          {Sqlite},
  url =          {https://en.wikipedia.org/wiki/SQLite},
}

@Misc{www-sqliteappformat,
  title =        {SQlite As An Application File Format},
  howPublished = {Web page},
  key =          {Sqlite},
  url =          {https://www.sqlite.org/aff_short.html},
}

@Misc{www-sqlitedownload,
  title =        {SQlite Download Page},
  howPublished = {Web page},
  key =          {Sqlite},
  url =          {https://www.sqlite.org/download.html},
}

@Misc{www-tyrant-fal-labs-specs,
  status =       {incomplete},
  title =        {Tyrant FALLabs},
  howPublished = {Web page},
  key =          {Tyrant},
  owner =        {S17-IO-3000},
  url =          {http://fallabs.com/tokyotyrant/spex.html},
}

@Misc{www-en-wikipedia-tyrant,
  author  =      {{Wikipedia}}, 
  title =        {Tokyo Cabinet and Kyoto Cabinet},
  howpublished = {Web page},
  key =          {Tyrant},
  url =          {https://en.wikipedia.org/wiki/Tokyo_Cabinet_and_Kyoto_Cabinet},
}

@Misc{www-foodfightshow-org,
  author =       {Jeff Hagadorn and Sean O'Meara and Joshua Timberman
                  and Bryan Berry and Nathen Harvey},
  title =        {Roles, Environments, Attributes, and Data Bags -
                  Part 2},
  howpublished = {Web page},
  key =          {Datafu},
  url =          {http://foodfightshow.org/2013/01/roles2.html},
}

@Misc{www-datafu-apache-org,
  title =        {Apache DataFu},
  howpublished = {Web page},
  key =          {Datafu},
  url =          {https://datafu.apache.org/},
}

@Misc{cloudmesh.github,
  author =       {Gregor von Laszewski},
  title =        {Cloudmesh Overview},
  howpublished = {Web page},
  key          = {Cloudmesh},
  year =         2015,
  url =         {http://cloudmesh.github.io/introduction_to_cloud_computing/cloudmesh/overview.html},
}

@Misc{cloudmesh.github.rain,
  author       = {Cloudmesh.org},
  title        = {Rain},
  howpublished = {Web page},
  key          = {Cloudmesh},
  year         = {2014-2017},
  url          = {http://cloudmesh.github.io/rain.html},
}

@Misc{cloudmesh.github.hpc,
  author       = {Cloudmesh.org},
  title        = {HPC},
  howpublished = {Web page},
  key          = {Cloudmesh},
  year         = {2014-2017},
  url          = {http://cloudmesh.github.io/hpc.html},
}
