% Encoding: UTF-8

@Misc{ApacheBeamOverview,
  author =       {The Apache Software Fondation},
  title =        {Apache Beam Overview},
  timestamp =    {2018-10-26},
  url =          {https://beam.apache.org/get-started/beam-overview/},
}

@Misc{WhatIsBeam,
  author =       {Sonia Kaif},
  title =        {What is Apache Beam?},
  month =        oct,
  year =         2018,
  timestamp =    {2018-10-26},
  url =          {https://www.quora.com/What-is-Apache-Beam},
}

@Article{FanYanMaWang2017,
  author =       {Junqing Fan and Jining Yan and Yan Ma and Lizhe
                  Wang},
  title =        {Big Data Integration in Remote Sensing across a
                  Distributed Metadata-Based Spatial Infrastructure},
  journal =      {Remote Sensing},
  year =         2017,
  volume =       10,
  number =       2,
  pages =        7,
  month =        {dec},
  doi =          {10.3390/rs10010007},
  publisher =    {{MDPI} {AG}},
}

@Misc{OODTEcosystem,
  author =       {Chris Mattmann},
  title =        {A Look into the Apache OODT Ecosystem},
  month =        nov,
  year =         2011,
  timestamp =    {2018-10-26},
  url =
                  {https://www.slideshare.net/chrismattmann/a-look-into-the-apache-oodt-ecosystem},
}

@Misc{OODTCWiki,
  author =       {The Apache Software Foundation},
  title =        {Apache OODT},
  month =        feb,
  year =         2010,
  url =
                  {https://cwiki.apache.org/confluence/display/OODT/Home},
}

@Misc{DrillIntroduction,
  author =       {The Apache Software Foundation},
  title =        {Drill Introduction},
  month =        aug,
  year =         2018,
  timestamp =    {2018-10-26},
  url =          {https://drill.apache.org/docs/drill-introduction/},
}

@Misc{DrillArchitecture,
  author =       {The Apache Software Fondation},
  title =        {Architecture Introduction},
  url =
                  {https://drill.apache.org/docs/architecture-introduction/},
}

@Misc{DrillQueryExecution,
  author =       {The Apache Software Fondation},
  title =        {Drill Query Execution},
  url =
                  {https://drill.apache.org/docs/drill-query-execution/},
}

@Misc{HCat,
  author =       {The Apache Software Fondation},
  title =        {HCatalog UsingHCat},
  month =        aug,
  year =         2013,
  url =
                  {https://cwiki.apache.org/confluence/display/Hive/HCatalog+UsingHCat},
}

@Misc{HCatalogExplained,
  author =       {Walker Rowe},
  title =        {What is Apache HCatalog? HCatalog Explained},
  month =        aug,
  year =         2017,
  url =
                  {https://www.bmc.com/blogs/what-is-apache-hcatalog-hcatalog-explained/},
}

@Misc{HyperVArchitecture,
  author =       {Sarah Cooley, Justin, Hannah Juarez},
  title =        {Hyper-V Architecture},
  month =        oct,
  year =         2018,
  url =
                  {https://docs.microsoft.com/en-us/virtualization/hyper-v-on-windows/reference/hyper-v-architecture},
}

@Misc{AboutHyperV,
  author =       {Robert Corradini},
  title =        {What Is Hyper-V?: The Authoritative Guide},
  month =        jun,
  year =         2018,
  url =          {https://www.5nine.com/hyper-v-authoritative-guide/},
}

@Misc{YarnOverview,
  author =       {The Apache Software Fondation},
  title =        {Apache Hadoop YARN - Overview},
  url =          {https://hortonworks.com/apache/yarn/#section_2},
}

@Misc{ApacheHadoopYarn,
  author =       {The Apache Software Fondation},
  title =        {Apache Hadoop YARN},
  month =        apr,
  year =         2018,
  url =
                  {https://hadoop.apache.org/docs/current/hadoop-yarn/hadoop-yarn-site/YARN.html},
}

@Misc{ApacheHadoopYarnIntro,
  author =       {Margaret Rouse},
  title =        {Introduction: Apache Hadoop YARN},
  month =        mar,
  year =         2018,
  url =
                  {https://searchdatamanagement.techtarget.com/definition/Apache-Hadoop-YARN-Yet-Another-Resource-Negotiator},
}

@Misc{www-hyper-v,
  author       = {{Microsoft}},
  title        = {Introduction to Hyper-V on Windows 10},
  howpublished = {Website},
  month        = jun,
  year         = {2018},
  url          = {https://docs.microsoft.com/en-us/virtualization/hyper-v-on-windows/about/},
}

@Comment{jabref-meta: databaseType:bibtex;}
