@Misc{fa18-423-05-amazon,
  author       = {{Amazon}},
  title        = {Amazon Relational Database Service (RDS)},
  howpublished = {Web page},
  month        = nov,
  year         = {2018},
  note         = {Accessed 4-11-2018 Homepage of Amazon RDS},
  owner        = {fa18-423-05},
  url          = {https://aws.amazon.com/rds/?nc1=h_ls},
}

@Misc{fa18-423-05-aws-amazon,
  author       = {Jeff Barr},
  title        = {Introducing Amazon RDS - The Amazon Relational Database Service},
  howpublished = {Web page},
  month        = oct,
  year         = {2009},
  note         = {Accessed 1-10-2018},
  owner        = {fa18-423-05},
  url          = {https://aws.amazon.com/cn/blogs/aws/introducing-rds-the-amazon-relational-database-service/},
}

@Misc{fa18-423-05-www-medium,
  author       = {Tobi Knaup},
  title        = {MySQL in the cloud at Airbnb},
  howpublished = {Web page},
  month        = nov,
  year         = {2010},
  note         = {Accessed 1-10-2018},
  owner        = {fa18-423-05},
  url          = {https://medium.com/airbnb-engineering/mysql-in-the-cloud-at-airbnb-336e5666bc94},
}

@Misc{fa18-423-05-docs-aws-amazon,
  author       = {{Amazon}},
  title        = {What Is Amazon Relational Database Service (Amazon RDS)?},
  howpublished = {Web page},
  month        = oct,
  year         = {2014},
  owner        = {fa18-423-05},
  url          = {https://docs.aws.amazon.com/AmazonRDS/latest/UserGuide/Welcome.html},
}

@Misc{fa18-423-05-apache-github,
  author       = {{Twitter}},
  title        = {Heron},
  howpublished = {Web page},
  month        = nov,
  year         = {2018},
  note         = {Accessed 4-11-2018 Twitter Heron Homepage},
  owner        = {fa18-423-05},
  url          = {https://apache.github.io/incubator-heron/},
}

@Misc{fa18-423-05-blog-twitter,
  author       = {Karthik Ramasamy},
  title        = {Flying faster with Twitter Heron},
  howpublished = {Web page},
  month        = jun,
  year         = {2015},
  note         = {Accessed 1-10-2018},
  owner        = {fa18-423-05},
  url          = {https://blog.twitter.com/engineering/en_us/a/2015/flying-faster-with-twitter-heron.html},
}

@Misc{fa18-423-05-streaml.io,
  author       = {Karthik Ramasamy},
  title        = {Introduction to Heron},
  howpublished = {Web page},
  month        = aug,
  year         = {2017},
  note         = {Accessed 1-10-2018},
  owner        = {fa18-423-05},
  url          = {https://streaml.io/blog/intro-to-heron},
}

@Misc{fa18-423-05-www-analyticsvidhya,
  author       = {Sunil Ray},
  title        = {Tutorial - Getting Started with GraphLab For Machine Learning in Python},
  howpublished = {Web page},
  month        = dec,
  year         = {2015},
  note         = {Accessed 1-11-2018},
  owner        = {fa18-423-05},
  url          = {https://www.analyticsvidhya.com/blog/2015/12/started-graphlab-python/},
}

@Misc{fa18-423-05-www-oreilly,
  author       = {Ben Lorica},
  title        = {The evolution of GraphLab},
  howpublished = {Web page},
  month        = jan,
  year         = {2015},
  note         = {Accessed 3-11-2018},
  owner        = {fa18-423-05},
  url          = {https://www.oreilly.com/ideas/the-evolution-of-graphlab},
}

@Misc{fa18-423-05-techcrunch,
  author       = {Jonathan Shieber},
  title        = {Machine Learning Startup GraphLab Gets A New Name And An $18.5M Check},
  howpublished = {Web page},
  year         = {2014},
  note         = {Accessed 3-11-2018},
  owner        = {fa18-423-05},
  url          = {https://techcrunch.com/2015/01/08/machine-learning-startup-graphlab-gets-a-new-name-and-an-18-5m-check/},
}

@Misc{fa18-423-05-turi,
  author       = {{turi}},
  title        = {Turi (formerly GraphLab)},
  howpublished = {Web page},
  month        = nov,
  year         = {2018},
  note         = {Accessed 4-11-2018 GraphLab Homepage},
  owner        = {fa18-423-05},
  url          = {https://turi.com/},
}

@Misc{fa18-423-05-searchdatamanagement-techtarget,
  author       = {Margaret Rouse},
  title        = {Apache Hive},
  howpublished = {Web page},
  month        = jul,
  year         = {2018},
  note         = {Accessed 1-11-2018},
  owner        = {fa18-423-05},
  url          = {https://searchdatamanagement.techtarget.com/definition/Apache-Hive},
}

@Misc{fa18-423-05-intellipaat,
  author       = {{intelliPaat}},
  title        = {What is Apache Hive?},
  howpublished = {Web page},
  month        = jun,
  year         = {2018},
  note         = {Accessed 4-11-2018},
  owner        = {fa18-423-05},
  url          = {https://intellipaat.com/blog/what-is-apache-hive/},
}

@Misc{fa18-423-05-whizlabs,
  author       = {Amit Verma},
  title        = {Apache Hive - A Faster and Better SQL on Hadoop},
  howpublished = {Web page},
  month        = jan,
  year         = {2018},
  note         = {Accessed 4-11-2018},
  owner        = {fa18-423-05},
  url          = {https://www.whizlabs.com/blog/apache-hive-faster-better-sql-on-hadoop/},
}

@Misc{fa18-423-05-hive-apache,
  author       = {{Apache Hive}},
  title        = {APACHE HIVE TM},
  howpublished = {Web page},
  month        = nov,
  year         = {2018},
  note         = {Accessed 4-11-2018 Homepage of Hive},
  owner        = {fa18-423-05},
  url          = {https://hive.apache.org/},
}
