@Misc{hid-sp18-413-clojure,
  Title =        {Clojure},
  Author =       {braveclojure},
  HowPublished = {Web},
  URL =          {https://www.braveclojure.com/concurrency/},
}

@Misc{hid-sp18-413-lisp,
  Title =        {lisp},
  Author =       {Wikipedia},
  HowPublished = {Web},
  URL =
                  {https://en.wikipedia.org/wiki/Lisp_(programming_language)},
}

@Misc{hid-sp18-413-paxata-a,
  Title =        {Paxata},
  Author =       {Paxata},
  HowPublished = {Web},
  URL =
                  {https://www.paxata.com/product/self-service-data-prep/},
}

@Misc{hid-sp18-413-paxata-b,
  Title =        {Paxata},
  Author =       {kdnuggets},
  HowPublished = {Web},
  URL =
                  {https://www.kdnuggets.com/2014/03/paxata-automates-data-preparation-for-big-data-analytics.html},
}

@Misc{hid-sp18-413-puppet-a,
  Title =        {Puppet},
  Author =       {Puppet},
  HowPublished = {Web},
  URL =
                  {https://puppet.com/blog/managing-kubernetes-configuration-puppet},
}

@Misc{hid-sp18-413-puppet-b,
  Title =        {Puppet},
  Author =       {Wikipedia},
  HowPublished = {Web},
  URL =          {https://en.wikipedia.org/wiki/Puppet_ (software)},
}

@Misc{hid-sp18-413-Kubernetes,
  Title =        {Kubernetes},
  Author =       {Kubernetes},
  HowPublished = {Web},
  URL =          {https://kubernetes.io},
}

@Misc{hid-sp18-413-weka,
  Title =        {Weka},
  Author =       {machinelearningmastery},
  HowPublished = {Web},
  URL =
                  {https://machinelearningmastery.com/what-is-the-weka-machine-learning-workbench/},
}

@Misc{hid-sp18-413-Zeppelin,
  Title =        {Zepplin},
  Author =       {packtpub},
  HowPublished = {Web},
  URL =
                  {https://www.packtpub.com/mapt/book/big_data_and_business_intelligence/9781785884696/6/ch06lvl1sec48/introducing-apache-zeppelin}
}

@Misc{hid-sp18-413-ApacheSpark,
  Title =        {ApacheSpark},
  Author =       {Apache},
  HowPublished = {Web},
  URL =          {https://spark.apache.org},
}

@Misc{hid-sp18-413-logicalglue,
  Title =        {Logicalglue},
  Author =       {diabarcelona},
  HowPublished = {Web},
  URL =
                  {http://www.diabarcelona.com/logical-glue-online-innovative-predictive-analytics-for-financial-services/}
}
