@misc{hid-sp18-518-FoundationBenchmarks,
    author = {Amazon Web Services},
    title = {AWS Foundation Benchmarks},
    year = 2018,
    url = {https://aws.amazon.com/blogs/security/announcing-industry-best-practices-for-securing-aws-resources/}
}

@misc{hid-sp18-518-CloudWatch,
    author = {Amazon Web Services},
    title = {AWS CloudWatch Monitoring},
    year = 2018,
    url = {https://aws.amazon.com/cloudwatch/}
}

@misc{hid-sp18-518-AWS-APIGateway,
    author = {Amazon Web Services},
    title = {AWS API Gateway},
    year = 2018,
    url = {https://aws.amazon.com/api-gateway/}
}

@misc{hid-sp18-518-CloudTrail,
    author = {Amazon Web Services},
    title = {AWS CloudTrail logging service},
    year = 2018,
    url = {https://aws.amazon.com/cloudtrail/}
}

@misc{hid-sp18-518-Cognito,
    author = {Amazon Web Services},
    title = {AWS Cognito Identity Provider},
    year = 2018,
    url = {https://aws.amazon.com/cognito/}
}
