@Misc{hid-sp18-408-IBMBigReplicate,
author = {IBM},
title = {IBM Big Replicate},
howpublished = {Web Page},
timestamp = {2018-02-18},
Url = {https://www.ibm.com/us-en/marketplace/big-replicate},
}


@Misc{hid-sp18-408-IBMDB2BigSql,
author = {IBM},
title = {IBM DB2 Big Sql},
howpublished = {Web Page},
timestamp = {2018-02-18},
Url = {https://www.ibm.com/us-en/marketplace/big-sql},
}


@Misc{hid-sp18-408-TeradataIntellibase,
author = {Teradata},
title = {Teradata Intellibase},
howpublished = {Web Page},
timestamp = {2018-02-18},
Url = {https://www.teradata.com/products-and-services/intellibase/},
}


@Misc{hid-sp18-408-TeradataKylo,
author = {Teradata},
title = {Teradata Kylo},
howpublished = {Web Page},
timestamp = {2018-02-18},
Url = {https://kylo.io/index.html},
}

@Misc{hid-sp18-408-JelasticWiki,
author = {Jelastic},
title = {Jelastic},
howpublished = {Web Page},
timestamp = {2018-02-18},
Url = {https://jelastic.com/},
}

