@Misc{hid-sp18-526-www-apache-phoenix,
    author  = {{Apache Software Foundation}},
    title   = {Apache Phoenix OLTP and operational analytics for Apache Hadoop},
    year    = 2018,
    url     = {https://phoenix.apache.org/}
}

@Misc{hid-sp18-526-www-apache-accumulo,
    author  = {{Apache Software Foundation}},
    title   = {Apache Accumulo is a sorted, distributed key/value store that provides robust, scalable data storage and retrieval.},
    year    = 2018,
    url     = {https://accumulo.apache.org/}
}

@Misc{hid-sp18-526-www-fluentd,
    author  = {{Fluentd Project}},
    title   = {Build Your Unified Logging Layer},
    year    = 2018,
    url     = {https://www.fluentd.org/}
}

@MastersThesis{hid-sp18-526-patki-sdv,
  author    = {Neha Patki},
  title     = {The Synthetic Data Vault: Generative Modeling for Relational Databases},
  publisher = {Massachusetts Institute of Technology},
  year      = 2016
}

@Misc{hid-sp18-526-www-synthea,
    author  = {{The MITRE Corporation}},
    title   = {Synthetic Patient Generation},
    year    = 2018,
    url     = {https://synthetichealth.github.io/synthea/}
}
