@Misc{hid-sp18-402-gephi,
	author = {{gephi.org}},
	year = {2008},
	url = {https://gephi.org},
	howpublished = {Web Page}
}
 
@Misc{hid-sp18-402-gephiF,
	author = {{gephi.org}},
	year = {2008},
	url = {https://gephi.org/features/},
	howpublished = {Web Page}
}

@Misc{hid-sp18-402-bmc,
	author = {{BMC}},
	year = {2017},
	url = { https://www.bmc.com/it-solutions/multi-cloud-management.html},
	howpublished = {Web Page}
}

@Misc{hid-sp18-402-www-apatar,
    author = {{apatar.com}},
    year = {2005},
    url = {http://www.apatar.com/},
    howpublished = {Web Page}
}

@Misc{hid-sp18-402-www-ibm,
    author = {{ibm.com}},
    year = {2014},
    url = { https://www.ibm.com/cloud/},
    howpublished = {Web Page}
}

@Misc{hid-sp18-402-www-ibm-blog,
  author       = {Michael Mendenhall and Buell Duncan},
  title        = {Bluemix is now IBM Cloud: Build confidently with 170+ services},
  howpublished = {Web Page},
  month        = oct,
  year         = {2017},
  url          = {https://www.ibm.com/blogs/bluemix/2017/10/bluemix-is-now-ibm-cloud/},
}

@Misc{hid-sp18-402-www-dokku,
    author = {{dokku}},
    year = {2013},
    url = {http://dokku.viewdocs.io/dokku/},
    howpublished = {Web Page}
}

@Misc{hid-sp18-402-www-dokkuG,
    author = {{dokku}},
    year = {2016},
    url = {https://dokku.github.io/first-prost/welcome-to-dokku},
    howpublished = {Web Page}
}
