@Misc{hid-sp18-506-Blockchain,
title = {Blockchain},
howpublished = {Web Page},
url = {https://en.wikipedia.org/wiki/Blockchain}
}
@Misc{hid-sp18-506-EthereumOrg,
title = {Ethereum},
howpublished = {Web Page},
url = {https://www.ethereum.org/}
}
@Misc{hid-sp18-506-RippleNetwork,
title = {Ripple},
howpublished = {Web Page},
url = {https://imtconferences.com/ripple/}
}

@Misc{hid-sp18-506-GlobalPayment,
title = {Global Payment},
howpublished = {Web Page},
url = {https://ripple.com/files/ripple_solutions_guide.pdf}
}
@Misc{hid-sp18-506-NoID,
title = {ID2020 },
howpublished = {Web Page},
url = {https://en.wikipedia.org/wiki/ID2020}
}
@Misc{hid-sp18-506-Scikit-learn,
title = {Scikit-learn: Machine Learning in Python},
howpublished = {Web Page},
url = {http://jmlr.org/papers/v12/pedregosa11a.html}
}