% Encoding: UTF-8

@Misc{hid-sp18-419-www-cisco2017vni,
  title        = {Cisco Visual Networking Index: Forecast and Methodology, 2016-2021},
  howpublished = {Web Page},
  month        = sep,
  year         = {2017},
  note         = {Cisco VNI Forecast},
  url          = {https://www.cisco.com/c/en/us/solutions/collateral/service-provider/visual-networking-index-vni/complete-white-paper-c11-481360.html},
}

@Misc{hid-sp18-419-www-clive-lsub2014,
  author       = {Francisco J. Ballesteros},
  title        = {The Clive Operating System},
  howpublished = {Web Page},
  month        = oct,
  year         = {2014},
  timestamp    = {2018-01-28},
  url          = {http://lsub.org/export/clivesys.pdf},
}

@Misc{hid-sp18-419-www-clive-lsub,
  title     = {Clive Web site},
  howpublished = {Web Page},
  timestamp = {2018-01-28},
  url       = {http://lsub.org/ls/clive.html},
}

@Misc{hid-sp18-419-www-about-plan9,
  title        = {Plan 9 from Bell Labs},
  howpublished = {Web Page},
  timestamp    = {2018-01-28},
  url          = {http://plan9.bell-labs.com/plan9/about.html},
}

@Misc{hid-sp18-419-www-opendaylight,
  title     = {OpenDaylight Web site},
  howpublished = {Web Page},
  timestamp = {2018-01-28},
  url       = {https://www.opendaylight.org},
}

@Misc{hid-sp18-419-www-cio-sdn-nfv,
  author       = {Ed Tittel},
  title        = {CIO Magazine: Understanding How SDN and NFV Can Work Together},
  howpublished = {Web Page},
  month        = jan,
  year         = {2014},
  timestamp    = {2018-01-28},
  url          = {https://www.cio.com/article/2379216/business-analytics/understanding-how-sdn-and-nfv-can-work-together.html},
}

@Misc{hid-sp18-419-www-sdx-odl,
  title        = {SDX Central: What is the OpenDaylight Project (ODL)?},
  howpublished = {Web Page},
  timestamp    = {2018-01-28},
  url          = {https://www.sdxcentral.com/sdn/definitions/opendaylight-project/},
}

@Misc{hid-sp18-419-wikipedia-elasticbeanstalk,
  title        = {Wikipedia: AWS Elastic Beanstalk},
  howpublished = {Web Page},
  timestamp    = {2018-01-28},
  url          = {https://en.wikipedia.org/wiki/AWS_Elastic_Beanstalk},
}

@Misc{hid-sp18-419-elasticbeanstalk,
  title        = {AWS Elastic Beanstalk},
  howpublished = {Web Page},
  timestamp    = {2018-01-28},
  url          = {https://aws.amazon.com/elasticbeanstalk/},
}

@Misc{hid-sp18-419-www-tc_neptune,
  author       = {Romain Dillet},
  title        = {Amazon introduces an AWS graph database service called Amazon Neptune},
  howpublished = {Web Page},
  month        = nov,
  year         = {2017},
  timestamp    = {2018-02-03},
  url          = {https://techcrunch.com/2017/11/29/amazon-introduces-an-aws-graph-database-service-called-amazon-neptune/},
}

@Misc{hid-sp18-419-www-tp-graph-db,
  title        = {Graph Database},
  howpublished = {Web Page},
  timestamp    = {2018-02-03},
  url          = {https://www.techopedia.com/definition/30577/graph-database},
}

@Misc{hid-sp18-419-www-aws-neptune,
  title        = {Amazon Neptune},
  howpublished = {Web Page},
  timestamp    = {2018-02-03},
  url          = {https://aws.amazon.com/neptune/},
}

@Misc{hid-sp18-419-die2015datascience,
  author        = {Dietrich, David and Heller, Barry and Yang, Biebie},
  title         = {Data Science \& Big Data Analytics: Discovering, Analyzing, Visualizing and Presenting Data},
  year          = {2015},
  __markedentry = {[bsobolik:6]},
  publisher     = {EMC Education Services, John Wiley \&Sons, Inc},
}

@Misc{hid-sp18-419-www-pig,
  title        = {Welcome to Apache Pig},
  howpublished = {Web Page},
  timestamp    = {2018-02-03},
  url          = {https://pig.apache.org/},
}

@Misc{hid-sp18-419-www-dezyre-pig,
  title        = {Difference between Pig and Hive-The Two Key Components of Hadoop Ecosystem},
  howpublished = {Web Page},
  month        = oct,
  year         = {2014},
  timestamp    = {2018-02-03},
  url          = {https://www.dezyre.com/article/difference-between-pig-and-hive-the-two-key-components-of-hadoop-ecosystem/79},
}

@Misc{hid-sp18-419-www-hc-wiki,
  author       = {Lefty Levenenz and Andrew Sears},
  title        = {HCatalog},
  howpublished = {Web (Confluence)},
  month        = jan,
  year         = {2016},
  timestamp    = {2018-02-03},
  url          = {https://cwiki.apache.org/confluence/display/Hive/HCatalog},
}

@Misc{hid-sp18-419-www-about-nix,
  title        = {About NixOS},
  howpublished = {Web page},
  timestamp    = {2018-02-26},
  url          = {https://nixos.org/nixos/about.html},
}

@Comment{jabref-meta: databaseType:bibtex;}
