@Misc{hid-sp18-514-datasynapsewiki,
  title =        {Tibco DataSynapse GridServer},
  howpublished = {Web Page},
  url =          {http://enacademic.com/dic.nsf/enwiki/5982527}
}

@Misc{hid-sp18-514-tibcodatasynapsewiki,
  title =        {Tibco DataSynapse GridServer},
  howpublished = {Web Page},
  url =          {
                  https://www.tibco.com/press-releases/2009/tibco-software-acquires-datasynapse}
}

@Misc{hid-sp18-514-tibcods,
  title =        {Tibco DataSynapse GridServer},
  howpublished = {Web Page},
  url =
                  {https://docs.tibco.com/products/tibco-datasynapse-gridserver-6-2-0}
}

@Misc{hid-sp18-514-apache-karaf,
  title =        {Apache Karaf},
  howpublished = {Web Page},
  url =          {http://karaf.apache.org/manual/latest/#_overview}
}

@Misc{www-karaf-transaction,
  title =        {Apache Karaf},
  howpublished = {Web Page},
  url =
                  {https://svn.apache.org/repos/asf/karaf/site/production/manual/latest-3.0.x/jta.html}
}

@Misc{hid-sp18-514-apachecurator,
  author =       {Apache},
  title =        {Apache Curator},
  howpublished = {Web Page},
  url =          {http://curator.apache.org/ }
}

@Misc{hid-sp18-514-apachecuratorfeatures,
  author =       {Apache},
  title =        {Apache Curator},
  howpublished = {Web Page},
  url =
                  {http://curator.apache.org/curator-framework/index.html}
}

@Misc{hid-sp18-514-coherencewiki,
  title =        {Oracle Coherence},
  howpublished = {Web Page},
  url =          {https://en.wikipedia.org/wiki/Oracle_Coherence}
}

@Misc{hid-sp18-514-OracleCoherence,
  author =       {Oracle},
  title =        {Oracle Coherence},
  howpublished = {Web Page},
  url =
                  {https://docs.oracle.com/cd/E24290_01/coh.371/e22840/definingdatagrid.htm#COHGS101}
}

@Misc{hid-sp18-514-CoherenceSpringInt,
  author =       {Oracle},
  title =        {Oracle Coherence Integration with Spring Framework},
  howpublished = {Web Page},
  url =
                  {https://docs.oracle.com/cd/E18686_01/coh.37/e18691/integratespring.htm#COHIG167}
}

@Misc{hid-sp18-514-apachegeodewiki,
  author =       {Apache},
  title =        {Apache Geode},
  howpublished = {Web Page},
  url =
                  {https://cwiki.apache.org/confluence/display/GEODE/Index}
}

@Misc{hid-sp18-514-geodespringgemfire,
  author =       {Spring},
  title =        {Apache Geode Integration with Spring Gemfire},
  howpublished = {Web Page},
  url =          {http://projects.spring.io/spring-data-gemfire/}
}

@Misc{hid-sp18-514-geodespringcache,
  author =       {Spring},
  title =        {Apache Geode Integration with Spring Cache},
  howpublished = {Web Page},
  url =
                  {https://docs.spring.io/spring/docs/current/spring-framework-reference/integration.html#cache}
}

@Misc{hid-sp18-514-geodepython,
  title =        {Apache Geode Integration with Python},
  howpublished = {Web Page},
  url =          {https://github.com/gemfire/py-gemfire-rest/}
}

@Misc{hid-sp18-514-nirmataCurator,
  title =        {Apache Curator},
  howpublished = {Web Page},
  url =          {http://nirmataoss.github.io/workflow/}
}
