% This file was created with JabRef 2.10.
% Encoding: UTF-8


@Misc{hid-sp18-505-Bank2018,
  Title                    = {World Bank Open Data},

  Author                   = {The World Bank},
  HowPublished             = {Web Page},
  Year                     = {2018},

  Url                      = {https://data.worldbank.org/}
}

@Misc{hid-sp18-505-CFPB2018,
  Title                    = {About The Consumer Financial Protection Bureau},

  Author                   = {CFPB},
  HowPublished             = {Web Page},
  Year                     = {2018},

  Url                      = {https://www.consumerfinance.gov}
}

@Misc{hid-sp18-505-ESRI2018,
  Title                    = {ESRI Access and Data Services},

  Author                   = {ESRI},
  HowPublished             = {Web Page},
  Year                     = {2018},

  Url                      = {https://developers.arcgis.com/content-and-services/}
}

@Misc{hid-sp18-505-GitHub2018,
  Title                    = {GitHub Developer | GitHub Developer Guide},

  Author                   = {GitHub.com},
  HowPublished             = {Web Page},
  Year                     = {2018},

  Url                      = {https://developer.github.com/}
}

@Misc{hid-sp18-505-GraphQL2018,
  Title                    = {Introduction to GraphQL},
  Author                   = {Facebook Open Source},
  Year                     = {2018},

  Url                      = {http://graphql.org/}
}


@Misc{hid-sp18-505-Wong2015,
  Title                    = {RAD - Outlier Detection on Big Data},
  Author                   = {Wong, Jeffery and Colburn, Chris and Meeks, Elijah and Vedaraman, Shankar},
  HowPublished             = {Web Page},
  Month                    = feb,
  Year                     = {2015},

  Url                      = {https://medium.com/netflix-techblog/rad-outlier-detection-on-big-data-d6b0494371cc}
}

@Misc{hid-sp18-505-MapBox2018,
  Title                    = {About Map Box},

  Author                   = {MapBox},
  HowPublished             = {Web Page},
  Year                     = {2018},

  Url                      = {https://www.mapbox.com/about/}
}

@Misc{hid-sp18-505-Netflix2018,
  Title                    = {Netfilix Open Source Software Center},

  Author                   = {Netflix},
  HowPublished             = {Web Page},
  Year                     = {2018},

  Url                      = {https://netflix.github.io}
}

@Misc{hid-sp18-505-OpenRefine2018,
  Title                    = {OpenRefine},

  Author                   = {OpenRefine},
  HowPublished             = {Web Page},
  Year                     = {2018},
  Url                      = {https://github.com/OpenRefine/OpenRefine/wiki/Data-Sources}
}

@Misc{hid-sp18-505-WSDL2018,
  Title                    = {Web Services Desciption Language},
  Author                   = {Wikipedia},
  HowPublished             = {Web Page},
  Year                     = {2018},
  Url                      = {https://en.wikipedia.org/wiki/Web_Services_Description_Language}
}

@Misc{hid-sp18-505-JSON2018,
  Title                    = {JSON},
  Author                   = {Wikipedia},
  HowPublished             = {Web Page},
  Year                     = {2018},
  Url                      = {https://en.wikipedia.org/wiki/JSON}
}

@Misc{hid-sp18-505-REST2018,
  Title                    = {Representational State Transfer},
  Author                   = {Wikipedia},
  HowPublished             = {Web Page},
  Year                     = {2018},
  Url                      = {https://en.wikipedia.org/wiki/Representational_state_transfer}
}

@comment{jabref-meta: databaseType:bibtex;}

