@Misc{hid-sp18-415-wiki-heroku,
  author   	  = {Google},
  title     	  = {Heroku},
  howpublished    = {Webpage},
  year     	  = {2017},
  url      	  = {https://en.wikipedia.org/wiki/Heroku},
}

@Misc{hid-sp18-415-www-heroku,
  author          = {HEROKU}, 
  title     	  = {Heroku},
  howpublished    = {Webpage},
  year            = {2018},
  url             = { https://www.heroku.com},
}

@Misc{hid-sp18-415-how-heroku-works,
  author   	   = {Heroku Dev Center},
  title     	   = {How Heroku Works},
  howpublished     = {Webpage},
  year     	   = {2018},
  url      	   = {https://devcenter.heroku.com/articles/how-heroku-works},
}

@Misc{hid-sp18-415-www-pivotal,
  author   	   = {vmware},
  title    	   = {Pivotal RabbitMQ VMware Products},
  howpublished     = {Webpage},
  year     	   = {2018},
  url      	   = {https://www.vmware.com/products/pivotal-rabbitmq.html},
}

@Misc{hid-sp18-415-www-cloud-goggle,
  author   	   = {Google},
  title    	   = {Google Cloud Platform},
  Howpublished     = {Webpage},
  year     	   = {2018},
  url      	   = {https://cloud.google.com/appengine/docs/the-appengine-environments},
}

@Misc{hid-sp18-415-app-engine,
  author   	   = {Google},
  title    	   = {Google Cloud Platform},
  Howpublished     = {Webpage},
  year     	   = {2018},
  url      	   = {https://cloud.google.com/appengine/docs/the-appengine-environment},
}

@Misc{hid-sp18-415-www-scalabitity,
  author   	    = {John Lowry},
  title    	    = {Designing for Scale},
  Howpublished      = {Webpage},
  year     	    = {2017},
  Timestamp         = {February 2017},
  url      	    = {https://cloud.google.com/appengine/articles/scalability},
}

@Misc{hid-sp18-415-cloud-google,
  author   	    = {Google},
  title    	    = {Compute Engine},
  howpublished      = {Webpage},
  year     	    = {2018},
  url      	    = {https://cloud.google.com/compute},
}
@Misc{hid-sp18-415-wikipedia-org,
  author   	    = {Wikipedia Contributors},
  title     	    = {Microsoft Visual Studio- Wikipedia The Free Encyclopedia}
  ,
  howpublished      = {Webpage},
  year     	    = {2018},
  url      	    ={https://en.wikipedia.org/w/index.php?title=Microsoft_Visual_Studio},
}
