% Encoding: UTF-8

@Misc{hid-sp18-504-google-datalab,
  author       = {Google},
  title        = {Google Cloud Datalab},
  howpublished = {Web Page},
  month        = feb,
  year         = {2018},
  owner        = {Arshad-Moeen},
  url          = {https://cloud.google.com/datalab/},
}

@Misc{hid-sp18-504-techcrunch-datalab,
  author       = {Lardinois, Frederic},
  title        = {Google Launches Cloud Datalab, An Interactive Tool For Exploring And Visualizing Data},
  howpublished = {Web Page},
  month        = feb,
  year         = {2018},
  owner        = {Arshad-Moeen},
  url          = {https://techcrunch.com/2015/10/13/google-launches-cloud-datalab-an-interactive-tool-for-exploring-and-visualizing-data/},
}

@Misc{hid-sp18-504-dmtk,
  author       = {Microsoft},
  title        = {Distributed Machine Learning Toolkit},
  howpublished = {Web Page},
  month        = feb,
  year         = {2018},
  owner        = {Arshad-Moeen},
  url          = {http://www.dmtk.io/},
}

@Misc{hid-sp18-504-msresearch,
  author       = {Thomas Jr., George},
  title        = {Microsoft open sources Distributed Machine Learning Toolkit for more efficient big data research},
  howpublished = {Web Page},
  month        = feb,
  year         = {2018},
  owner        = {Arshad-Moeen},
  url          = {https://www.microsoft.com/en-us/research/blog/microsoft-open-sources-distributed-machine-learning-toolkit-for-more-efficient-big-data-research/},
}

@Misc{hid-sp18-504-orange,
  author       = {Orange},
  title        = {Data Mining Fruitful and Fun},
  howpublished = {Web Page},
  month        = feb,
  year         = {2018},
  owner        = {Arshad-Moeen},
  url          = {https://orange.biolab.si/},
}

@Misc{hid-sp18-504-wiki-orange,
  author       = {Wikipedia},
  title        = {Orange (software)},
  howpublished = {Web Page},
  month        = feb,
  year         = {2018},
  owner        = {Arshad-Moeen},
  url          = {https://en.wikipedia.org/wiki/Orange_%28software%29},
}

@Misc{hid-sp18-504-cloudacad-bigml,
  author       = {Casalboni, Alex},
  title        = {BigML offers a managed platform to build and share your datasets and models},
  howpublished = {Web Page},
  month        = feb,
  year         = {2018},
  owner        = {Arshad-Moeen},
  url          = {https://cloudacademy.com/blog/bigml-machine-learning/},
}

@Misc{hid-sp18-504-bigml,
  author       = {BigML},
  title        = {About BigML},
  howpublished = {Web Page},
  month        = feb,
  year         = {2018},
  owner        = {Arshad-Moeen},
  url          = {https://bigml.com/about},
}

@Misc{hid-sp18-504-knime,
  author       = {KNIME},
  title        = {KNIME Analytics Platform},
  howpublished = {Web Page},
  month        = feb,
  year         = {2018},
  owner        = {Arshad-Moeen},
  url          = {https://www.knime.com/knime-analytics-platform},
}

@Misc{hid-sp18-504-pred-knime,
  author       = {PredictiveAnalyticsToday},
  title        = {KNIME Analytics Platform},
  howpublished = {Web Page},
  month        = feb,
  year         = {2018},
  owner        = {Arshad-Moeen},
  url          = {https://www.predictiveanalyticstoday.com/knime/},
}

@Comment{jabref-meta: databaseType:bibtex;}
