@Misc{hid-sp18-525-watson,
    title = {Wikipedia Watson},
    howpublished = {Web Page},
    timestamp  = {},
    Url = {https://en.wikipedia.org/wiki/Watson (computer)},
}


@Misc{hid-sp18-525-cloud,
    author =	 {Mendenhall, Michael and Duncan, Buell},
    title = {BlueMix is Now IBM Cloud},
    howpublished = {Web Page},
    year =	 2017,
    Url = {https://www.ibm.com/blogs/bluemix/2017/10/bluemix-is-now-ibm-cloud/},
}

@Misc{hid-sp18-525-dsx,
    author =	 {},
    title = {IBM Data Science Experience},
    howpublished = {Web Page},
    year =	{} ,
    Url = {https://www.ibm.com/cloud/data-science-experience},
}

@Misc{hid-sp18-525-java,
    title = {Wikipedia JavaScript},
    howpublished = {Web Page},
    timestamp  = {},
    Url = {https://en.wikipedia.org/wiki/JavaScript},
}

@Misc{hid-sp18-525-nodejs,
    title = {Node.js},
    howpublished = {Web Page},
    timestamp  = {},
    Url = {https://nodejs.org/en/about/},
}
