@Misc{hid-sp18-511-apttus,
  author  = {Apttus},
  title        = {About The Apttus},
  howpublished = {Web Page},
  timestamp    = {2018-01-30},
  Url = {https://apttus.com/},
}

@Misc{hid-sp18-511-iics,
  author  = {Informatica},
  title        = {About The Informatica},
  howpublished = {Web Page},
  timestamp    = {2018-01-30},
  Url = {https://www.informatica.com/products/cloud-integration.html#fbid=CaQhhmTzHcY},
}

@Misc{hid-sp18-511-linode,
  author  = {Linode},
  title        = {About The Linode},
  howpublished = {Web Page},
  timestamp    = {2018-01-30},
  Url = {https://www.linode.com/},
}

@Misc{hid-sp18-511-rapidminer,
  author  = {RapidMiner},
  title        = {About The RapidMiner},
  howpublished = {Web Page},
  timestamp    = {2018-01-30},
  Url = {https://rapidminer.com/},
}

@Misc{hid-sp18-511-treasuredata,
  author  = {Treasure Data},
  title        = {About The TreasureData},
  howpublished = {Web Page},
  timestamp    = {2018-01-30},
  Url = {https://www.treasuredata.com/},
}
