@Misc{hid-sp18-416-www-arangodb,
	Author = {{ArangoDB}},
  	Title = {Why ArangoDB},
  	Howpublished = {Web Page},
  	Url = {https://www.arangodb.com/why-arangodb/}
}

@Misc{hid-sp18-416-www-aql-blog,
	Author = {Steemann, Jan},
  	title = {AQL: Querying a nosql database the elegant and comfortable way},
  	howpublished = {Blog},
  	note = {Accessed: 3-feb-2018},
	year = 2012,
	month = jun,
  	url = {https://www.arangodb.com/2012/06/querying-a-nosql-database-the-elegant-way/}
}

@Misc{hid-sp18-416-www-graphdb-blog,
	author = {Walker, Aaron},
  	title = {Best, free and open-source database software},
  	howpublished = {Blog},
  	note = {Accessed: 3-feb-2018},
	year = 2017,
	month = dec,
  	url = {https://blog.g2crowd.com/blog/database/best-free-and-open-source-database-software#arangodb}
}

@Misc{hid-sp18-416-www-druid-wikipedia,
    key = {Druid}, 
  	title = {Druid (open-source data store)},
  	howpublished = {Web Page},
  	url = {https://en.wikipedia.org/wiki/Druid_(open-source_data_store)}
}

@Misc{hid-sp18-416-www-about-druid,
	author  = {Druid},
  	title = {About Druid},
  	howpublished = {Web Page},
  	url = {http://druid.io/druid.html}
}

@Misc{hid-sp18-416-www-fast-dataanalytics-druid-blog,
	author = {Tro\ss bach, Florian},
	note = {Accessed: 3-feb-2018},
  	title = {Real Time Fast Data Analytics with Druid},
  	howpublished = {Blog},
	year = 2016,	
	month = aug,
  	url = {https://blog.codecentric.de/en/2016/08/realtime-fast-data-analytics-druid/}
}

@Misc{hid-sp18-416-www-monetdb-features,
	author = {MonetDB},
  	title = {Column store features},
  	howpublished = {Web Page},
  	url = {https://www.monetdb.org/content/column-store-features}
}

@Misc{hid-sp18-416-www-monetdb-mongodb-comparison,
	author = {DB-ENGINES},
  	title = {System Properties Comparison MonetDB vs MongoDB},
  	howpublished = {Web Page},
  	url = {https://db-engines.com/en/system/MonetDB;MongoDB}
}

@Misc{hid-sp18-416-www-monetdb-dutch,
	author = {Bakker, Jasper},
  	title = {Dutch database design drives practical innovation},
  	howpublished = {Web Page},
	year = 2017,	
	month = jul,
  	url = {http://www.computerweekly.com/news/450422330/Dutch-database-design-drives-practical-innovation}
}

@Misc{hid-sp18-416-www-morpheus-product-guide,
	author = {Morpheus},
  	title = {Unified Ops Orchestration},
  	howpublished = {Web Page},
	year = 2017,
  	url = {https://assets.morpheusdata.com/SpudMedia/1439/attachment/Morpheus\%20Product\%20Sheet\%202017_v4_original.pdf}
}

@Misc{hid-sp18-416-www-soa-governance-wikipedia,
    key = {SOA Governance},
  	title = {SOA Governance},
  	howpublished = {Web Page},
  	url = {https://en.wikipedia.org/wiki/SOA_governance}
}

@Misc{hid-sp18-416-www-wso2-stream-processor,
	author = {WSO2},
  	title = {WSO2 Analytics - Features},
  	howpublished = {Web Page},
  	url = {https://wso2.com/analytics/features}
}

@Misc{hid-sp18-416-github-siddhi,
	author = {WSO2},
  	title = {Stream Processing and Complex Event Processing Engine},
  	howpublished = {Code Repository},
  	note = {Accessed: 3-feb-2018},
  	url = {https://github.com/wso2/siddhi}
}

@Misc{hid-sp18-416-www-srinath-conference-talk,
	author = {WSO2},
  	title = {[WSO2Con USA 2017] Driving Insights for Your Digital Business With Analytics},
  	howpublished = {Web Page},
	year = 2017,	
	month = mar,
  	url = {https://wso2.com/library/conference/2017/2/wso2con-usa-2017-deriving-insights-for-your-digital-business-with-analytics/}
}

@Misc{hid-sp18-416-www-business-benefits-analytics,
	author = {WSO2},
  	title = {[Article] Six Business Benefits of Smart Analytics},
  	howpublished = {Web Page},
	year = 2017,	
	month = feb,
  	url = {https://wso2.com/library/articles/2017/02/six-business-benefits-of-smart-analytics/}
}
