@misc{hid-sp18-601-www-spoint-website,
    author = {Microsoft},
    title = {SharePoint},
    year = 2018,
    url = {https://products.office.com/en-us/sharepoint/collaboration/}
}
%%%
@misc{hid-sp18-601-www-spoint-new-sharepoint,
    author = {SharePoint team},
    title = {SharePoint},
    year = 2012,
    url = {https://blogs.office.com/en-us/2012/07/17/the-new-sharepoint/}
}
%%%
@misc{hid-sp18-601-www-odrive-website,
    author = {Microsoft},
    title = {Microsoft's OneDrive},
    year = 2018,
    url = {https://onedrive.live.com/about/en-us/}
}

%%%

@misc{hid-sp18-601-www-slatex-documentation,
    author = {ShareLatex},
    title = {Documentation},
    year = 2018,
    url = {https://www.sharelatex.com/learn}
}
%%%

@misc{hid-sp18-601-www-slatex-plans,
    author = {ShareLatex},
    title = {plans},
    year = 2018,
    url = {https://www.sharelatex.com/user/subscription/plans}
}

%%%


@misc{hid-sp18-601-www-sathome-about,
    author = {SETI},
    title = {About},
    year = 2018,
    url = {https://setiathome.berkeley.edu/sah_about.php}
}

%%%

@misc{hid-sp18-601-www-lhc-at-home-history,
    author = {LHC},
    title = {History},
    year = 2018,
    url = {http://lhcathome.web.cern.ch/about/history}
}

%%%



@misc{hid-sp18-601-www-boinc-projects,
    author = {BOINC},
    title = {Projects},
    year = 2018,
    url = {https://boinc.berkeley.edu/projects.php}
}


%%%%
@misc{hid-sp18-601-www-gdoc-about,
    author = {Google},
    title = {About},
    year = 2018,
    url = {https://www.google.com/docs/about/}
}

%%%

@misc{hid-sp18-601-www-bblaze-about,
    author = {Backblaze}},
    title = {About},
    year = 2018,
    url = {https://www.backblaze.com/company/about.html}
}

@misc{hid-sp18-601-www-bblaze-personal,
    author = {Backblaze}},
    title = {Personal account},
    year = 2018,
    url = {https://www.backblaze.com/cloud-backup.html}
}

@misc{hid-sp18-601-www-bblaze-business,
    author = {Backblaze}},
    title = {Business account},
    year = 2018,
    url = {https://www.backblaze.com/business-backup.html}
}
