% In this document you are placing your bibliographie entries as they
% relate to the technology you use.
% Important is that if academic refernces are available to also include them and not just Misc entries.

@Manual{hid-sp18-403-R-dbplyr,
  title = {dbplyr: A 'dplyr' Back End for Databases},
  author = {Hadley Wickham and Edgar Ruiz},
  year = {2018},
  note = {R package version 1.2.0},
  url = {https://CRAN.R-project.org/package=dbplyr},
}

@Manual{hid-sp18-403-R-odbc,
  title = {
    odbc: Connect to ODBC Compatible Databases (using the DBI Interface)
  },
  author = {Jim Hester and Hadley Wickham},
  year = {2018},
  note = {R package version 1.1.5},
  url = {https://CRAN.R-project.org/package=odbc},
}

@Manual{hid-sp18-403-R-pool,
  title = {pool: Object Pooling},
  author = {Barbara Borges},
  year = {2017},
  note = {R package version 0.1.3},
  url = {https://CRAN.R-project.org/package=pool},
}

@Manual{hid-sp18-403-R-drake,
  title = {drake: Data Frames in R for Make},
  author = {William Michael Landau},
  year = {2018},
  note = {R package version 5.0.0},
  url = {https://CRAN.R-project.org/package=drake},
}

@misc{hid-sp18-403-tidy-dbplyr,
  title={Introduction to dbplyr},
  url={http://dbplyr.tidyverse.org/articles/dbplyr.html},
  journal={Introduction to dbplyr - dbplyr},
  publisher={RStudio},
  author={Wickham, Hadley}
}

@Manual{hid-sp18-403-R-dbi,
  title = {DBI: R Database Interface},
  author = {
    {R Special Interest Group on Databases (R-SIG-DB)}
    and Hadley Wickham and Kirill M\"{u}ller
  },
  year = {2017},
  note = {R package version 0.6-1},
  url = {https://CRAN.R-project.org/package=DBI},
}

@misc{hid-sp18-403-rstudio-odbc,
  title={odbc},
  url={https://db.rstudio.com/odbc},
  journal={Databases using R},
  publisher={RStudio},
  author={RStudio}
}
