@misc{denodo,title={Data Virtualization Overview}, url={https://www.denodo.com/en/data-virtualization/overview}, journal={Denodo}, year={2015}, month={Aug}}

@misc{spagobi,title={spagobi}, url={http://www.spagobi.org/product/},journal={100 open source Business Intelligence}}
     
@misc{stratebi-bigdata,title={SpagoBI Open Source},url={http://www.stratebi.com/en_GB/spagobi#big-data},journal={SpagoBI Open Source - Stratebi}}

@misc{alluxio,title={Alluxio Open Source},url={https://www.alluxio.org/docs/1.7/en/index.html},journal={Alluxio}}

@misc{systemml,title={Apache SystemML},url={http://systemml.apache.org/},journal={Apache SystemML - Declarative Large-Scale Machine Learning},author={SystemML, Apache}}

@misc{systemml_blog,title={Apache SystemML Blog},url={https://blogs.apache.org/foundation/entry/the-apache-software-foundation-announces13},journal={The Apache Software Foundation Blog}}

@misc{connectthedots,title={Azure/connectthedots},url={https://github.com/Azure/connectthedots},journal={GitHub},author={Azure},year={2017}, month={Jun}}

@misc{Azure-IoT,title={Azure-IoT},url={https://msdn.microsoft.com/en-us/magazine/mt694088.aspx},journal={Internet of Things - Develop an Azure-Connected IoT Solution in Visual Studio with C }}








