@Misc{hid-sp18-507-GitHubCascading,
title = {Cascading},
author = {Chris Wensel},
howpublished = {Web Page},
url = {https://github.com/cwensel/cascading},
timestamp = {2018-02-15}
}

@Misc{hid-sp18-507-CascadingEco,
title = {Cascading | Cascading},
howpublished = {Web Page},
url = {https://www.cascading.org/},
timestamp = {2018-02-15}
}

@Misc{hid-sp18-507-MapR,
title = {Cascading | MapR},
howpublished = {Web Page},
url = {https://mapr.com/products/product-overview/cascading/},
timestamp = {2018-03-12}
}


@Misc{hid-sp18-507-Elasticsearch,
title = {Elasticsearch: RESTful, Distributed Search and Analytics | Elastic},
url = {https://www.elastic.co/products/elasticsearch},
howpublished = {Web Page},
datetime = {2018-02-15}
}

@Misc{hid-sp18-507-ElasticWiki,
title = {Elasticsearch - Wikipedia},
url = {https://en.wikipedia.org/wiki/Elasticsearch},
howpublished = {Web Page},
datetime = {2018-03-12}
}

@Misc{hid-sp18-507-DBEngines,
title = {DB-Engines Ranking - popularity ranking of datamase management systems},
url = {https://db-engines.com/en/ranking},
howpublished = {Web Page},
datetime = {2018-03-12}
}


@Misc{hid-sp18-507-JMPSAS,
title = {Statistical Software | JMP Software from SAS},
url = {https://www.jmp.com/},
howpublished = {Web Page},
datetime = {2018-02-15}
}

@Misc{hid-sp18-507-JMPPro,
title = {JMP Pro},
url = {https://www.sas.com/jmpstore/products-solutions/jmp-pro/prodJMPPRO.html},
howpublished = {Web Page},
datetime = {2018-02-15}
}

@Misc{hid-sp18-507-JMP9,
title = {JMP 9: A Really New Version},
url = {https://www.scientificcomputing.com/article/2011/05/jmp-9-really-new-version},
howpublished = {Web Page},
datetime = {2018-03-12}
}


@Misc{hid-sp18-507-Openchain,
title = {Openchain - Blockchain technology for the enterprise},
url = {https://www.openchain.org/},
howpublished = {Web Page},
datetime = {2018-02-15}
}

@Misc{hid-sp18-507-BitcoinNews,
title = {Openchain: Enterprise-Ready Blockchain Technology},
url = {https://news.bitcoin.com/openchain-enterprise-ready-blockchain-technology/},
howpublished = {Web Page},
author = {Jamie Redman},
datetime = {2018-03-12}
}

@Misc{hid-sp18-507-Coindesk,
title = {Coinprism Launches Open Source Distributed Ledger},
url = {https://www.coindesk.com/coinprism-launches-open-source-distributed-ledger/},
howpublished = {Web Page},
author = {Yessi Bello Perez},
datetime = {2018-03-12}
}


@Misc{hid-sp18-507-FBScribe,
url = {https://github.com/facebookarchive/scribe},
datetime = {2018-02-15},
howpublished = {Web Page},
title = {facebookarchive | scribe}
}

@Misc{hid-sp18-507-ScribeNote,
url = {https://www.facebook.com/note.php?note_id=32008268919},
datetime = {2018-03-12},
howpublished = {Web Page},
title = {Facebook's technology now open source},
author = {Robert Johnson}
}
