  @Misc{hid-sp18-417-doc-Ansible,
  title        = {Ansible},
  howpublished = {Web Page},
  timestamp    = {},
  Url = {http://docs.ansible.com/ansible/latest/dev_guide/overview_architecture.html},
}

  @Misc{hid-sp18-417-wiki-cloudStack,
  title     = {Apache CloudStack },
  howpublished = {Web Page},
  timestamp = {},
  Url       = { https://en.wikipedia.org/wiki/Apache_CloudStack},
}
  @Misc{hid-sp18-417-cloudstack-scaling,
  title     = {Apache Scalability },
  howpublished = {Web Page},
  timestamp = {},
  Url       = {http://tutoriaisgnulinux.com/2015/06/08/_cloudstack-4-5-centos-6-5-conceitos-basicos-e-ambiente-de-estudo-1-1/},
}
@Misc{ hid-sp18-417-wiki-deltacloud,
  title     = {Apache DeltaCloud},
  howpublished = {Web Page},
  timestamp = {},
  Url       = { https://en.wikipedia.org/wiki/Deltacloud },
}

@Misc{hid-sp18-417-openrefine,
  title        = {OpenRefine usability},
  howpublished = {Web Page},
   Url = {https://www.computerworld.com/article/2507728/enterprise-applications/enterprise-applications-22-free-tools-for-data-visualization-and-analysis.html?page=2},
}

@Misc{hid-sp18-417-opennebula-wiki,
  title     = {Opennebula },
  howpublished = {Web Page},
  timestamp = {},
  Url = { https://en.wikipedia.org/wiki/OpenNebula},
}

@Misc{hid-sp18-417-opennebula-deployment,
  title     = {Opennebula Deployment Model},
  howpublished = {Web Page},
  timestamp = {},
  Url = { https://en.wikipedia.org/wiki/OpenNebula#/media/File:OpenNebula_Deployment_Model.png},
}




