
@Misc{hid-sp18-401-wiki-Ambari,
       title= {Apache Ambari},
       timestamp    = {2018-02-25},
       url  = { https://www.wikiwand.com/en/Apache_Ambari},
}

@Misc{hid-sp18-401-Ambari,
       title= {Apache Ambari},
       timestamp    = {2018-02-25},
       url  = { https://ambari.apache.org/},
}


@Misc{hid-sp18-401-wiki-Impala,
       author = {Apache Software Foundation},
       title  = {Apache Impala},
       howpublished = {Web Page},
       timestamp = {2018-02-18},
       url = {https://www.wikiwand.com/en/Apache_Impala}
}



@Misc{hid-sp18-401-apache-Impala,
       author = {Apache Software Foundation},
       title  = {Apache Impala},
       howpublished = {Web Page},
       timestamp = {2018-02-18},
       url = {http://impala.apache.org/}
}

@Misc{hid-sp18-401-keras,
       title = {Keras},
       url = {https://keras.io/},
       howpublished = {Web Page},
       datetime = {2018-02-25}
}


@Misc{hid-sp18-401-lightgbm,
       title = {Keras},
       url = {https://github.com/Microsoft/LightGBM},
       howpublished = {Web Page},
       datetime = {2018-02-25}
}


@Misc{hid-sp18-401-XGBoost-wiki,
       title = {XGBoost},
       howpublished = {Web Page},
       timestamp= {2018-02-25},
       url = {https://www.wikiwand.com/en/Xgboost}
}

@Misc{hid-sp18-401-XGBoost-gen,
       title = {XGBoost},
       howpublished = {Web Page},
       Author = {Jason Brownlee},
       timestamp= {2018-02-25},
       url = {https://machinelearningmastery.com/gentle-introduction-xgboost-applied-machine-learning/}
}

@Misc{hid-sp18-401-XGBoost-git,
       title = {XGBoost},
       howpublished = {Web Page},
       timestamp= {2018-02-25},
       url = {https://github.com/dmlc/xgboost}
}
