% Encoding: UTF-8

@inproceedings{hid-sp18-520-OrientDB,
author={OrientDB},
title={why-orientdb},
publisher = {Web Page},
url = {https://orientdb.com/why-orientdb/},
}

@inproceedings{hid-sp18-520-OrientDBgraph,
author={OrientDB},
title={OrientDB in the Cloud},
publisher = {Web Page},
url = {https://orientdb.com/graph-database/},
}

@inproceedings{hid-sp18-520-OrientDBgraphI,
author={OrientDB},
title={OrientDB in the Cloud},
publisher = {Web Page},
url = {https://orientdb.com/docs/last/SB-Tree-index.html},
}

@inproceedings{hid-sp18-520-OrientDBconcepts,
author={OrientDB},
title={orientdb_basic_concepts},
publisher = {Web Page},
url = {https://www.tutorialspoint.com/orientdb/orientdb_basic_concepts.htm},
}

@inproceedings{hid-sp18-520-Redis,
author={Redis},
title={Introduction to Redis},
publisher = {Web Page},
url = {https://redis.io/topics/introduction},
}

@inproceedings{hid-sp18-520-RedisModulescac,
author={Redis},
title={Redis Modules},
publisher = {Web Page},
url = {https://redis.io/topics/lru-cache},
}

@inproceedings{hid-sp18-520-RedisModules,
author={Redis},
title={Redis Modules},
publisher = {Web Page},
url = {https://redis.io/topics/replication},
}

@inproceedings{hid-sp18-520-PyTorch,
author={PyTorch},
title={About},
publisher = {Web Page},
url = {http://pytorch.org/about/},
}

@inproceedings{hid-sp18-520-PyTorchgrad,
author={PyTorch},
title={About},
publisher = {Web Page},
url = {https://towardsdatascience.com/pytorch-tutorial-distilled-95ce8781a89c},
}

@inproceedings{hid-sp18-520-PyTorchtensor,
author={PyTorch},
title={Learning PyTorch with Examples},
publisher = {Web Page},
url = {https://www.analyticsvidhya.com/blog/2018/02/pytorch-tutorial/},
}

@inproceedings{hid-sp18-520-TensorFlow,
author={TensorFlow},
title={About TensorFlow},
publisher = {Web Page},
url = {https://www.tensorflow.org/},
}

@inproceedings{hid-sp18-520-TensorFlowhlapi,
author={TensorFlow},
title={About TensorFlow},
publisher = {Web Page},
url = {https://www.tensorflow.org/guide/#high_level_apis},
}

@inproceedings{hid-sp18-520-TensorFlowboard,
author={TensorFlow},
title={About TensorFlow},
publisher = {Web Page},
url = {https://www.tensorflow.org/programmers_guide/summaries_and_tensorboard},
}

@inproceedings{hid-sp18-520-TensorFlowWiki,
author={TensorFlow},
title={About TensorFlow},
publisher = {Web Page},
url = {https://en.wikipedia.org/wiki/TensorFlow},
}

@inproceedings{hid-sp18-520-RabbitMQ,
author={Rabbitmq},
publisher = {Web Page},
url = {https://www.rabbitmq.com/},
}

@inproceedings{hid-sp18-520-RabbitMQCluster,
author={Rabbitmq},
title={Clustering Guide},
publisher = {Web Page},
url = {https://www.rabbitmq.com/clustering.html},
}

@inproceedings{hid-sp18-520-RabbitMQauth,
author={Rabbitmq},
publisher = {Web Page},
url = {https://www.rabbitmq.com/authentication.html},
}

@inproceedings{hid-sp18-520-RabbitMQwiki,
author={Rabbitmq},
title={Authentication},
publisher = {Web Page},
url = {https://en.wikipedia.org/wiki/RabbitMQ},
}

@inproceedings{hid-sp18-520-RabbitMQmana,
author={Rabbitmq},
title={Management Plugin},
publisher = {Web Page},
url = {http://www.rabbitmq.com/management.html},
}

@inproceedings{hid-sp18-520-OpenNN,
author={Opennn},
publisher = {Web Page},
url = {http://www.opennn.net/documentation/opennn_start.html},
}

@inproceedings{hid-sp18-520-OpenNNn,
author={Opennn},
publisher = {Web Page},
url = {http://www.opennn.net/documentation/the_neural_network_class.html},
}

@inproceedings{hid-sp18-520-OpenNNnw,
author={Opennn},
publisher = {Web Page},
url = {https://en.wikipedia.org/wiki/Neural_Designer},
}

@Comment{jabref-meta: databaseType:bibtex;}
