@Misc{hid-sp18-407-spark-Aven,
  title =        {Apache Spark},
  howpublished = {Paperback},
  url =          {http://sty-spark.s3-website-us-east-1.amazonaws.com},
}

@Misc{hid-sp18-407-nosql,
  title =        {NoSQL},
  howpublished = {Paperback},
  url =          {http://sty-spark.s3-website-us-east-1.amazonaws.com},
}

@Misc{hid-sp18-407-mesos-1,
  title =        {Apache Mesos},
  howpublished = {Web Page},
  url =
                  {https://blogs.apache.org/foundation/entry/the_apache_software_foundation_announces97},
}

@Misc{hid-sp18-407-mesos-2,
  title =        {Apache Mesos},
  howpublished = {Online},
  url =
                  {http://people.csail.mit.edu/matei/papers/2011/nsdi_mesos.pdf},
}

@Misc{hid-sp18-407-mlib-1,
  title =        {Apache Spark MLib},
  howpublished = {Web Page},
  url =
                  {https://stanford.edu/~rezab/sparkworkshop/slides/xiangrui.pdf},
}

@Misc{hid-sp18-407-mysql,
  title =        {MySQL},
  howpublished = {Web Page},
  url =          {https://en.wikipedia.org/wiki/MySQL},
}

@Misc{hid-sp18-407-acm,
  title =        {Apache Spark: A Unified Engine For Big Data
                  Processing},
  howpublished = {web, print},
  url =
                  {https://cacm.acm.org/magazines/2016/11/209116-apache-spark},
}

@Misc{hid-sp18-407-sparkhadoop,
  title =        {Apache Spark and Hadoops HDFS: Working Together},
  howpublished = {Web Page},
  url =
                  {https://databricks.com/blog/2014/01/21/Spark-and-Hadoop.html},
}
