% This file was created with JabRef 2.10.
% Encoding: UTF-8


@Misc{hid-sp18-516-www-apacheorg-solr,
  Title                    = {Apache Solr},
  Author                   = {Apache},
  HowPublished             = {Web Page},
  Note                     = {Accessed: 2018-01-15},
  Url                      = {http://lucene.apache.org/solr/}
}

@Misc{hid-sp18-516-www-finances-online,
  Title                    = {Jaspersoft REVIEW},
  Author                   = {Finances Online},
  HowPublished             = {Web Page},
  Month                    = {dec},
  Year                     = {2017},
  Url                      = {https://reviews.financesonline.com/p/jaspersoft/}
}

@Misc{hid-sp18-516-www-cascading,
  Title                    = {Lingual},
  Author                   = {CASCADING},
  HowPublished             = {Web Page},
  Note                     = {Accessed: 2018-01-15},
  Url                      = {http://www.cascading.org/projects/lingual/}
}

@Misc{hid-sp18-516-www-drivenio-lingual,
  Title                    = {Introducing Lingual-Open Source ANSI SQL For Hadoop},
  Author                   = {DRIVEN},
  HowPublished             = {Web Page},
  Month                    = {feb},
  Year                     = {2013},
  Url                      = {http://www.driven.io/2013/02/introducing-lingual-open-source-ansi-sql-for-hadoop/}
}

@Misc{hid-sp18-516-www-mariadb-foundation,
  Title                    = {About MariaDB},
  Author                   = {MariaDB Foundation},
  HowPublished             = {Web Page},
  Month                    = {jan},
  Year                     = {2018},
  Url                      = {https://mariadb.org/about/}
}

@Misc{hid-sp18-516-www-jaspersoft-overview,
  Title                    = {Reporting Software},
  Author                   = {TIBCO Jaspersoft},
  HowPublished             = {Web Page},
  Note                     = {Accessed: 2018-01-23},
  Url                      = {https://www.jaspersoft.com/reporting-software}
}

@Misc{hid-sp18-516-www-blackbird-si,
  Title                    = {Converting your InnoDB MySQL server to TokuDB (how we did it)},
  Author                   = {Alen Krmelj},
  HowPublished             = {Web Page},
  Month                    = {oct},
  Year                     = {2013},
  Url                      = {http://blackbird.si/converting-your-innodb-mysql-server-to-tokudb-how-we-did-it/}
}

@Misc{hid-sp18-516-www-mariadb,
  Title                    = {About MariaDB},
  Author                   = {MariaDB},
  HowPublished             = {Web Page},
  Note                     = {Accessed: 2018-01-31},
  Url                      = {https://mariadb.com/about-us}
}

@Misc{hid-sp18-516-www-mariadb-server,
  Title                    = {MariaDB Server},
  Author                   = {MariaDB},
  HowPublished             = {Web Page},
  Note                     = {Accessed: 2018-01-31},
  Url                      = {https://mariadb.com/products/technology/server}
}

@Misc{hid-sp18-516-www-percona-server-tokudb,
  Title                    = {TokuDB Introduction},
  Author                   = {Percona},
  HowPublished             = {Web Page},
  Note                     = {Accessed: 2018-02-22},
  Url                      = {https://www.percona.com/doc/percona-server/LATEST/tokudb/tokudb_intro.html}
}

@Misc{hid-sp18-516-www-percona-tokudb,
  Title                    = {Percona TokuDB},
  Author                   = {Percona},
  HowPublished             = {Web Page},
  Note                     = {Accessed: 2018-01-28},
  Url                      = {https://www.percona.com/software/mysql-database/percona-tokudb}
}

@Misc{hid-sp18-516-www-tutorialspoint-solr,
  Title                    = {Apache Solr-Overview},
  Author                   = {tutorialspoint},
  HowPublished             = {Web Page},
  Note                     = {Accessed: 2018-01-17},
  Url                      = {https://www.tutorialspoint.com/apache_solr/apache_solr_overview.htm}
}

@Misc{hid-sp18-516-www-wiki-mariadb,
  Title                    = {MariaDB},
  Author                   = {Wikipedia},
  HowPublished             = {Web Page},
  Note                     = {Accessed: 2018-01-31},
  Url                      = {https://en.wikipedia.org/wiki/MariaDB}
}

@Misc{hid-sp18-516-www-wiki-solr,
  Title                    = {Apache Solr},
  Author                   = {Wikipedia},
  HowPublished             = {Web Page},
  Note                     = {Accessed: 2018-01-15},
  Url                      = {https://en.wikipedia.org/wiki/Apache_Solr}
}

@Misc{hid-sp18-516-www-wiki-xtradb,
  Title                    = {XtraDB},
  Author                   = {Wikipedia},
  HowPublished             = {Web Page},
  Note                     = {Accessed: 2018-01-31},
  Url                      = {https://en.wikipedia.org/wiki/XtraDB}
}

@Misc{hid-sp18-516-www-wiki-jasperreports,
  Title                    = {JasperReports},
  Author                   = {Wikipedia},
  HowPublished             = {Web Page},
  Month                    = {dec},
  Year                     = {2017},
  Url                      = {https://en.wikipedia.org/wiki/JasperReports}
}

@Misc{hid-sp18-516-www-wiki-tokudb,
  Title                    = {TokuDB},
  Author                   = {Wikipedia},
  HowPublished             = {Web Page},
  Month                    = {nov},
  Year                     = {2017},
  Url                      = {https://en.wikipedia.org/wiki/TokuDB}
}

@Misc{hid-sp18-516-www-debian-org,
  Title                    = {About Debian},
  Author                   = {Debian},
  HowPublished             = {Web Page},
  Note                     = {Accessed: 2018-02-27},
  Owner                    = {spathan},
  Timestamp                = {2018.02.27},
  Url                      = {https://www.debian.org/intro/about}
}

@Misc{hid-sp18-516-www-wiki-mysql,
  Title                    = {MySQL},
  Author                   = {Wikipedia},
  HowPublished             = {Web Page},
  Note                     = {Accessed: 2018-02-27},
  Owner                    = {spathan},
  Timestamp                = {2018.02.27},
  Url                      = {https://en.wikipedia.org/wiki/MySQL}
}

@Misc{hid-sp18-516-www-wiki-ubuntu,
  Title                    = {Ubuntu (operating system)},
  Author                   = {Wikipedia},
  HowPublished             = {Web Page},
  Note                     = {Accessed: 2018-02-27},
  Owner                    = {spathan},
  Timestamp                = {2018.02.27},
  Url                      = {https://en.wikipedia.org/wiki/Ubuntu_(operating_system)}
}

@Misc{hid-sp18-516-www-wiki-linux,
  Title                    = {Linux},
  Author                   = {Wikipedia},
  HowPublished             = {Web Page},
  Note                     = {Accessed: 2018-02-27},
  Owner                    = {spathan},
  Timestamp                = {2018.02.27},
  Url                      = {https://en.wikipedia.org/wiki/Linux}
}

@Misc{hid-sp18-516-www-wiki-bigdata,
  Title                    = {Big data},
  Author                   = {Wikipedia},
  HowPublished             = {Web Page},
  Note                     = {Accessed: 2018-02-27},
  Owner                    = {spathan},
  Timestamp                = {2018.02.27},
  Url                      = {https://en.wikipedia.org/wiki/Big_data}
}

@Misc{hid-sp18-516-www-wiki-nosql,
  Title                    = {NoSQL},
  Author                   = {Wikipedia},
  HowPublished             = {Web Page},
  Note                     = {Accessed: 2018-02-27},
  Owner                    = {spathan},
  Timestamp                = {2018.02.27},
  Url                      = {https://en.wikipedia.org/wiki/NoSQL}
}

@Misc{hid-sp18-516-www-wiki-jdbc,
  Title                    = {Java Database Connectivity},
  Author                   = {Wikipedia},
  HowPublished             = {Web Page},
  Note                     = {Accessed: 2018-02-27},
  Owner                    = {spathan},
  Timestamp                = {2018.02.27},
  Url                      = {https://en.wikipedia.org/wiki/Java_Database_Connectivity}
}

@Misc{hid-sp18-516-www-wiki-xml,
  Title                    = {XML},
  Author                   = {Wikipedia},
  HowPublished             = {Web Page},
  Note                     = {Accessed: 2018-02-27},
  Owner                    = {spathan},
  Timestamp                = {2018.02.27},
  Url                      = {https://en.wikipedia.org/wiki/XML}
}

@Misc{hid-sp18-516-www-wiki-json,
  Title                    = {JSON},
  Author                   = {Wikipedia},
  HowPublished             = {Web Page},
  Note                     = {Accessed: 2018-02-27},
  Owner                    = {spathan},
  Timestamp                = {2018.02.27},
  Url                      = {https://en.wikipedia.org/wiki/JSON}
}

@Misc{hid-sp18-516-www-wiki-csv,
  Title                    = {Comma-separated values},
  Author                   = {Wikipedia},
  HowPublished             = {Web Page},
  Note                     = {Accessed: 2018-02-27},
  Owner                    = {spathan},
  Timestamp                = {2018.02.27},
  Url                      = {https://en.wikipedia.org/wiki/Comma-separated_values}
}

@Misc{hid-sp18-516-www-wiki-hibernate,
  Title                    = {Hibernate (framework)},
  Author                   = {Wikipedia},
  HowPublished             = {Web Page},
  Note                     = {Accessed: 2018-02-27},
  Owner                    = {spathanhttps://en.wikipedia.org/wiki/Hibernate_(framework)},
  Timestamp                = {2018.02.27}
}

@Misc{hid-sp18-516-www-wiki-pojo,
  Title                    = {Plain old Java object},
  Author                   = {Wikipedia},
  HowPublished             = {Web Page},
  Note                     = {Accessed: 2018-02-27},
  Owner                    = {spathan},
  Timestamp                = {2018.02.27},
  Url                      = {https://en.wikipedia.org/wiki/Plain_old_Java_object}
}

@Misc{hid-sp18-516-www-wiki-maven,
  Title                    = {Apache Maven},
  Author                   = {Wikipedia},
  HowPublished             = {Web Page},
  Note                     = {Accessed: 2018-02-27},
  Owner                    = {spathan},
  Timestamp                = {2018.02.27},
  Url                      = {https://en.wikipedia.org/wiki/Apache_Maven}
}

@Misc{hid-sp18-516-www-wiki-cascading,
  Title                    = {Cascading (software)},
  Author                   = {Wikipedia},
  HowPublished             = {Web Page},
  Note                     = {Accessed: 2018-02-27},
  Owner                    = {spathan},
  Timestamp                = {2018.02.27},
  Url                      = {https://en.wikipedia.org/wiki/Cascading_(software)}
}

@Misc{hid-sp18-516-www-wiki-hadoop,
  Title                    = {Apache Hadoop},
  Author                   = {Wikipedia},
  HowPublished             = {Web Page},
  Note                     = {Accessed: 2018-02-27},
  Owner                    = {spathan},
  Timestamp                = {2018.02.27},
  Url                      = {https://en.wikipedia.org/wiki/Apache_Hadoop}
}

@Misc{hid-sp18-516-www-wiki-sql,
  Title                    = {SQL},
  Author                   = {Wikipedia},
  HowPublished             = {Web Page},
  Note                     = {Accessed: 2018-02-27},
  Owner                    = {spathan},
  Timestamp                = {2018.02.27},
  Url                      = {https://en.wikipedia.org/wiki/SQL}
}

@Misc{hid-sp18-516-www-wiki-lucene,
  Title                    = {Apache Lucene},
  Author                   = {Wikipedia},
  HowPublished             = {Web Page},
  Note                     = {Accessed: 2018-02-27},
  Owner                    = {spathan},
  Timestamp                = {2018.02.27},
  Url                      = {https://en.wikipedia.org/wiki/Apache_Lucene}
}

@comment{jabref-meta: databaseType:bibtex;}

