@Misc{hid-sp18-512-content-delivery-network,
  title        = {content delivery network explained},
  howpublished = {web page},
  timestamp    = {2018},
  url          = {https://www.globaldots.com/content-delivery-network-explained/},
}

@Misc{hid-sp18-512-amazon-cloudfront-a,
  title        = {amazon cloudfront},
  howpublished = {web page},
  timestamp    = {2018},
  url          = { https://aws.amazon.com/cloudfront/},
}

@Misc{hid-sp18-512-amazon-cloudfront-b,
  title        = {amazon cloudfront},
  howpublished = {web page},
  timestamp    = {2018},
  url          = { http://searchaws.techtarget.com/definition/Amazon-CloudFront},
}

@Misc{hid-sp18-512-amazon-vpc-a,
  title        = {amazon vpc},
  howpublished = {web page},
  timestamp    = {2018},
  url          = {https://cloudacademy.com/blog/how-and-why-to-use-vpc-for-your-amazon-aws-infrastructure/},
}

@Misc{hid-sp18-512-amazon-vpc-b,
  title        = {amazon vpc},
  howpublished = {web page},
  timestamp    = {2018},
  url          = {https://aws.amazon.com/vpc/},
}

@Misc{hid-sp18-512-amazonml-a,
  title        = {amazon machine learning},
  howpublished = {web page},
  timestamp    = {2018},
  url          = {https://aws.amazon.com/aml/faqs/},
}

@Misc{hid-sp18-512-amazonml-b,
  title        = {machine learning on aws},
  howpublished = {web page},
  timestamp    = {2018},
  url          = {https://aws.amazon.com/machine-learning/},
}

@Misc{hid-sp18-512-amazon-aurora,
  title        = {amazon aurora},
  howpublished = {web page},
  timestamp    = {2018},
  url          = {https://aws.amazon.com/rds/aurora/faqs/},
}

@Misc{hid-sp18-512-amazon-dynamodb,
author = {aws},
title = {amazon dynamodb},
howpublished = {web page},
timestamp = {2018},
Url = {https://aws.amazon.com/dynamodb/},
}

@Misc{hid-sp18-512-amazon-dynamodb_faq,
author = {aws},
title = {amazon dynamodb},
howpublished = {web page},
timestamp = {2018},
Url = {https://aws.amazon.com/dynamodb/},
}


