%% This BibTeX bibliography file was created using BibDesk.
%% http://bibdesk.sourceforge.net/

%% Created for Saurabh Swaroop at 2018-04-05 19:27:18 -0600 


%% Saved with string encoding Unicode (UTF-8) 



@misc{hid-sp18-522-golanguage,
	Author = {Google},
	Date-Added = {2018-04-06 01:15:47 +0000},
	Date-Modified = {2018-04-06 01:27:14 +0000},
	Title = {The Go Programming Language},
	Url = {https://golang.org/},
	Bdsk-Url-1 = {https://golang.org/}}

@misc{hid-sp18-522-riot,
	Author = {Open Source},
	Date-Added = {2018-04-06 01:13:57 +0000},
	Date-Modified = {2018-04-06 01:27:06 +0000},
	Title = {Riot OS},
	Url = {https://www.riot-os.org/},
	Bdsk-Url-1 = {https://www.riot-os.org/}}

@misc{hid-sp18-522-lightsail,
	Author = {Amazon AWS},
	Date-Added = {2018-04-06 01:12:43 +0000},
	Date-Modified = {2018-04-06 01:26:31 +0000},
	Title = {AWS LightSail},
	Url = {https://aws.amazon.com/lightsail/},
	Bdsk-Url-1 = {https://aws.amazon.com/lightsail/}}

@misc{hid-sp18-522-fargate,
	Author = {Amazon AWS},
	Date-Added = {2018-04-06 00:17:52 +0000},
	Date-Modified = {2018-04-06 01:26:57 +0000},
	Title = {AWS Fargate},
	Url = {https://aws.amazon.com/fargate/},
	Bdsk-Url-1 = {https://aws.amazon.com/fargate/}}

@misc{hid-sp18-522-deeplens,
	Author = {Amazon AWS},
	Date-Added = {2018-04-06 00:15:42 +0000},
	Date-Modified = {2018-04-06 01:26:50 +0000},
	Title = {AWS Deeplens},
	Url = {https://aws.amazon.com/deeplens/},
	Bdsk-Url-1 = {https://aws.amazon.com/deeplens/}}
