@Misc{hid-sp18-521-athena-faq,
  author  = {AWS},
  title        = {Athena FAQs},
  howpublished = {Web Page},
  timestamp    = {2018-01-30},
  url = {https://aws.amazon.com/athena/faqs/},
}

@Misc{hid-sp18-521-AmazonEMR,
  author  = {AWS},
  title        = {Amazon EMR},
  howpublished = {Web Page},
  timestamp    = {2018-01-31},
  Url = {https://aws.amazon.com/emr/},
}

@Misc{hid-sp18-521-Sagemaker,
  author  = {AWS},
  title        = {Amazon SageMaker},
  howpublished = {Web Page},
  timestamp    = {2018-01-31},
  Url = {https://aws.amazon.com/sagemaker/},
}

@Misc{hid-sp18-521-Greengrass,
  author  = {AWS},
  title        = {Amazon Greengrass},
  howpublished = {Web Page},
  timestamp    = {2018-02-01},
  Url = {https://aws.amazon.com/greengrass/},
}

@Misc{hid-sp18-521-FissionBlog,
  author       = {Soam Vasani},
  title        = {Fission: Serverless Functions as a Service for Kubernetes},
  howpublished = {Web Page},
  timestamp    = {2017-01-20},
  Url = {http://blog.kubernetes.io/2017/01/fission-serverless-functions-as-service-for-kubernetes.html},
}
