
@Misc{hid-sp18-420-amazon-elastic-beanstalk,
  Title                    = {AWS ELastic Beanstalk},
  Author                   = {AWS},
  howpublished = {Web Page},
  Timestamp                = {2018.02.20},
  Url                      = {https://aws.amazon.com/elasticbeanstalk/}
}

@Misc{hid-sp18-420-amazon-elastic-beanstalk-FAQ,
  Title                    = {AWS ELastic Beanstalk FAQs},
  Author                   = {AWS},
  howpublished = {Web Page},
  Timestamp                = {2018.02.20},
  Url                      = { https://aws.amazon.com/elasticbeanstalk/faqs/}
}

@Misc{hid-sp18-420-amazon-S3-FAQ,
author                    = {AWS},
title                     = {Amazon S3 FAQs},
howpublished = {Web Page},
timestamp                 = {2018-02-02},
Url                       = {https://aws.amazon.com/s3/faqs/},
}

@Misc{hid-sp18-420-amazon-S3,
author                    = {AWS},
title                     = {Amazon S3},
howpublished = {Web Page},
timestamp                 = {2018-02-02},
Url                       = {https://aws.amazon.com/s3/},
}

@Misc{hid-sp18-420-amazon-RDS-FAQ,
  author                  = {AWS},
  title                   = {Amazon RDS FAQs},
  howpublished = {Web Page},
  timestamp               = {2018-02-02},
  Url                     = {https://aws.amazon.com/rds/faqs/},
}

@Misc{hid-sp18-420-amazon-RDS,
  author                  = {AWS},
  title                   = {Amazon RDS},
  howpublished = {Web Page},
  timestamp               = {2018-02-02},
  Url                     = {https://aws.amazon.com/rds/},
}

@Misc{hid-sp18-420-Amazon-Glacier-FAQ,
author = {AWS},
title = {Amazon Glacier FAQs},
howpublished = {Web Page},
timestamp = {2018-02-24},
Url = { https://aws.amazon.com/glacier/faqs/},
}

@Misc{hid-sp18-420-Amazon-Glacier,
author = {AWS},
title = {Amazon Glacier},
howpublished = {Web Page},
timestamp = {2018-02-24},
Url = { https://aws.amazon.com/glacier/},
}

@Misc{hid-sp18-420-PostgreSQL_About,
title = {About PostgreSQL},
howpublished = {Web Page},
timestamp    = {2018-02-05},
url = {https://www.postgresql.org/about/}
}

@Misc{hid-sp18-420-PostgreSQL_Wiki,
title = {PostgreSQL Wiki},
howpublished = {Web Page},
timestamp    = {2018-02-05},
url = {https://en.wikipedia.org/wiki/PostgreSQL}
}

@Misc{hid-sp18-420-PostgreSQL_History,
title = {PostgreSQL History},
howpublished = {Web Page},
timestamp    = {2018-02-05},
url = {https://www.postgresql.org/about/history/}
}
