% Encoding: UTF-8

@Misc{hid-sp18-513-oozie,
       author       = {Apache Software Foundation},
       title        = {Oozie},
       howpublished = {Web Page},
       timestamp    = {2018-01-24},
       url          = {http://oozie.apache.org/}
}

@misc{hid-sp18-513-datameer,
   author  = {Datameer},
   url     = {https://www.datameer.com/},
   address = {San Francisco, CA}
}

@Misc{hid-sp18-513-docker,
   title   = {What is Docker?},
   author  = {Docker},
   url     = {https://www.docker.com/what-docker},
   address = {San Francisco, CA}
}

@Misc{hid-sp18-513-opensource,
    author       = {Unknown},
    title        = {What is Docker?},
    howpublished = {Web Page},
    url          = {https://opensource.com/resources/what-docker}
}

@Misc{hid-sp18-513-neo4j,
       title        = {Neo4j Graph Database},
       howpublished = {Web Page},
       timestamp    = {2015-11-04},
       url          = {https://neo4j.com/product/},
}

@misc{hid-sp18-513-tableau,
      author       = {Tableau},
      howpublished = {Web Page},
      address      = {Seattle, Washington},
      url          = {https://www.tableau.com/}
}

@Comment{jabref-meta: databaseType:bibtex;}
