
@Misc{hid-sp18-418-Teradata-Intelliflex-features,
title = {Teradata Intelliflex},
howpublished = {Web},
timestamp= {2018-02-26},
url = {https://www.teradata.com/products-and-services/intelliflex-features},
}

@Misc{hid-sp18-418-AtomSphere-features,
title = {AtomSphere},
howpublished = {Web},
timestamp= {2018-02-26},
url = {https://boomi.com/integration/enterprise-features},
}

@Misc{hid-sp18-418-Sales-Cloud-features,
title = {SalesCloud},
howpublished = {Web},
timestamp= {2018-02-26},
url = {https://www.salesforce.com/products/sales-cloud/features},
}

@Misc{hid-sp18-418-RightScale-Cloud-Management-article,
title = {RightScale Cloud Management},
howpublished = {Web},
timestamp= {2018-02-26},
url = {https://www.networkworld.com/article/2164791/cloud-computing},
}

@Misc{hid-sp18-418-CloudHub-docs,
title = {CloudHub},
howpublished = {Web},
timestamp= {2018-02-26},
url = {https://docs.mulesoft.com/runtime-manager/cloudhub},
}
