% Encoding: UTF-8

@Misc{hid-sp18-404-Darrow2016,
  author = {Barb Darrow},
  title  = {Pivotal Cloud Foundry Is Not Just for New Apps Anymore},
  year   = {2016},
  url    = {http://fortune.com/2016/06/06/pivotal-cloud-foundry-legacy-apps/},
}

@Misc{hid-sp18-404-Pivotal2017,
  author = {Pivotal},
  editor = {Signal FX},
  title  = {Pivotal Cloud Foundry Monitoring},
  year   = {2017},
  url    = {https://signalfx.com/pivotal-cloud-foundry-monitoring/},
}

@Misc{hid-sp18-404-Drill2017,
  author = {Apache Drill},
  editor = {MAPR Data Technologies},
  title  = {Apache Drill Enables Self-Service Data Exploration on All Data with a Schema-Free SQL Query Engine},
  year   = {2017},
  url    = {https://mapr.com/products/apache-drill/},
}

@Misc{hid-sp18-404-BlogsApache2014,
  author = {Blogs.Apache},
  editor = {Apache Software Foundation},
  title  = {The Apache Software Foundation Announces Apache Drill as a Top-Level Project},
  year   = {2014},
  date   = {2014-12},
  url    = {https://blogs.apache.org/foundation/entry/the_apache_software_foundation_announces66},
}

@Misc{hid-sp18-404-Drill2015,
  author = {Apache Drill},
  title  = {Query any non-relational datastore (well, almost...)},
  year   = {2015},
  url    = {https://drill.apache.org/},
}

@Misc{hid-sp18-404-Architecture2018,
  author = {Architecture},
  title  = {DC/OS 1.10 Documentation},
  year   = {2018},
  url    = {https://docs.mesosphere.com/1.10/overview/architecture/},
}

@Misc{hid-sp18-404-Features2018,
  author = {Features},
  title  = {DC/OS 1.10 Documentation},
  year   = {2018},
  url    = {https://docs.mesosphere.com/1.10/overview/features/},
}

@Misc{hid-sp18-404-Concepts2018,
  author = {Concepts},
  title  = {DC/OS 1.10 Documentation},
  year   = {2018},
  url    = {https://docs.mesosphere.com/1.10/overview/concepts/},
}

@Misc{hid-sp18-404-Apache2018,
  author = {Apache},
  title  = {What is Mesos? A distributed systems kernel},
  year   = {2018},
  url    = {http://mesos.apache.org/},
}

@Misc{hid-sp18-404-Mesos2018,
  author = {Mesos},
  title  = {Why Mesos?},
  year   = {2018},
  url    = {https://mesosphere.com/why-mesos/},
}

@Article{hid-sp18-404-jia2014caffe,
  author  = {Jia Yangqing and Shelhamer Evan and Donahue Jeff and Karayev Sergey and Long Jonathan and Girshick Ross and Guadarrama Sergio and Darrell Trevor},
  title   = {Caffe: Convolutional Architecture for Fast Feature Embedding},
  journal = {arXiv preprint arXiv:1408.5093},
  year    = {2014},
}

@Misc{hid-sp18-404-Evan,
  author = {Evan Shelhamer and Jeff Donahue and Jon Long and Yangqing Jia and Ross Girshick},
  title  = {DIY Deep Learning for Vision: a Hands-On Tutorial with Caffe},
  year   = {2017},
  url    = {https://docs.google.com/presentation/d/1UeKXVgRvvxg9OUdh_UiC5G71UMscNPlvArsWER41PsU/edit#slide=id.gc2fcdcce7_216_0
  },
}

@Comment{jabref-meta: databaseType:biblatex;}
