@Misc{QDS,
title = {QDS - Big Data Platform - Qubole},
url = {https://www.qubole.com/products/qubole-data-service/},
note = {Acquired: 2018-01-28}
}

@Misc{centOS,
title = {CentOS Project},
url = {https://www.centos.org/},
note = {Acquired: 2018-01-28}
}

@Misc{HPCC,
title = {Home Page - HPCC Systems},
url = {https://hpccsystems.com/},
note = {Acquired: 2018-01-28}
}

@Misc{GoogleCP_BDS,
title = {Big Data Solutions - Google Cloud Platform},
url = {https://cloud.google.com/solutions/big-data/},
note = {Acquired: 2018-01-28}
}

@Misc{GoogleCP_CD,
title = {Cloud Dataproc - Cloud-native Hadoop and Spark - Google Cloud Platform},
url = {https://cloud.google.com/dataproc/},
note = {Acquired: 2018-01-28}
}
