@Misc{hid-sp18-410-Amazon-Redshift,
author = {AWS},
title = {Amazon Redshift fast and efficient data warehousing},
howpublished = {Web Page},
timestamp = {2018-02-02},
Url = {https://aws.amazon.com/redshift/},

}

@Misc{hid-sp18-410-AmazonWiki,
author = {AWS},
title = {Amazon Redshift},
howpublished = {Web Page},
timestamp = {2018-02-02},
Url = {https://en.wikipedia.org/wiki/Amazon_Redshift},
}

@Misc{hid-sp18-410-wikiCloudlet,
    title = {Cloudlet vs Cloud},
    author = {CMU},
    year = {2018},
    url = {https://en.wikipedia.org/wiki/Cloudlet},
  }

@Misc{hid-sp18-410-edge,
title = {Optimizing cloud computing on mobile},
url = {https://en.wikipedia.org/wiki/Edge_computing},
howpublished = {Web Page},
datetime = {2018-02-15}
}

@Misc{hid-sp18-410-ELK-Home-Page,
    author = {ELK},
    year = {2015},
    url = {https://www.elastic.co/elk-stack},
    howpublished = {Web Home Page}
}

@Misc{hid-sp18-410-Intel,
title = {path to smarter technology},
url = {https://https://www.intelcloudfinder.com/},
howpublished = {Web Page},
datetime = {2018-02-15}
}


