
@Misc{www-mLab,
author = {{mLab}},
title = {mLab for managed database services},
howpublished = {Web Page},
timestamp = {2018-02-25},
Url = {https://mlab.com/},

}

@Misc{hid-sp18-406-Owncloud,
author = {ownCloud},
title = {Owncloud for efficient file hosting services},
howpublished = {Web Page},
timestamp = {2018-02-25},
Url = {https://en.wikipedia.org/wiki/OwnCloud},

}

@Misc{hid-sp18-406-Rackspace,
author = {Rackspace Inc},
title = {Rackspace for efficient cloud management services},
howpublished = {Web Page},
timestamp = {2018-02-25},
Url = {https://www.rackspace.com/en-us/about},

}

@Misc{hid-sp18-406-AlibabaCloud,
author = {Alibaba Group},
title = {Alibaba Cloud},
howpublished = {Web Page},
timestamp = {2018-02-25},
Url =
{https://www.alibabacloud.com/about?spm=a3c0i.7911826.677923.38.4419737ba9UIy6},

}

@Misc{hid-sp18-406-Twilio,
author = {Twilio},
title = {Twilio},
howpublished = {Web Page},
timestamp = {2018-02-25},
Url = {https://en.wikipedia.org/wiki/Twilio},

}


