@Misc{www-openvz,
title = {openVZ Virtuozzo Container},
url = {https://openvz.org/Main_Page},
howpublished = {Web Page},
note = {Accessed: 2018-02-18},
}
@Misc{www-openvz-intro,
title = {openVZ Introduction},
url = {http://www.linuxzhaji.com/?p=453},
howpublished = {Web Page},
note = {Accessed: 2018-03-09},
}

@Misc{www-sqlite,
title = {About SQLite},
url = {https://www.sqlite.org/about.html},
howpublished = {Web Page},
note = {Accessed: 2018-02-18},
}
@Misc{www-sqlite-archi,
title = {About SQLite Architecture},
url = {https://sqlite.org/arch.html},
howpublished = {Web Page},
note = {Accessed: 2018-03-09},
}


@Misc{www-amazonec2,
title = {Amazon EC2},
url = {https://aws.amazon.com/ec2/},
howpublished = {Web Page},
note = {Accessed: 2018-02-18},
}


@Misc{www-azure,
title = {What is Azure},
url = {https://azure.microsoft.com/en-us/overview/what-is-azure/},
howpublished = {Web Page},
note = {Accessed: 2018-02-18},
}
@Misc{www-azure-opensource,
title = {Azure's choices},
url = {https://azure.microsoft.com/en-us/overview/choose-azure-opensource/},
howpublished = {Web Page},
note = {Accessed: 2018-03-09},
}
@Misc{www-azure-choices,
title = {Azure Vs AWS},
url = {https://azure.microsoft.com/en-us/overview/azure-vs-aws/},
howpublished = {Web Page},
note = {Accessed: 2018-03-09},
}


@Misc{www-futuregrid,
title = {Future Grid},
url = {http://www.future-grid.com.au/},
howpublished = {Web Page},
note = {Accessed: 2018-02-18},
}

