@Misc{hid-sp18-421-AvroCloud,
title = {Apache Avro},
howpublished = {Web Page},
timestamp = {2018-02-18},
url = {http://avro.apache.org/docs/1.8.2/},
}


@Misc{hid-sp18-421-BigTopCloud,
title = {Apache BigTop},
howpublished = {Web Page},
timestamp = {2018-02-18},
url = {http://bigtop.apache.org},
}



@Misc{hid-sp-421-ChukwaCloud,
title ={Apache Chukwa},
timestamp = {2018-02-18},
url = {http://chukwa.apache.org},
}

@Misc{hid-sp-421-ChukwaComponents,
title={Apache Chukwa},
timestamp={2018-02-18},
url={http://chukwa.apache.org/docs/r0.5.0/},
}

@Misc{hid-sp18-421-whirrCloud,
title={Apache Whirr},
howpublished={Web Page},
timestamp={2018-02-18},
url={https://www.packtpub.com/mapt/book/big_data_and_business_intelligence/9781782168294/10/ch10lvl1sec81/introducing-apache-whirr},
}

@Misc{hid-sp18-421-zookeeper,
title={Apache Zookeeper},
howpublished={Web Page},
timestamp={2018-02-18},
url={https://www.ibm.com/analytics/hadoop/zookeeper},
}


