% Encoding: UTF-8

@Misc{hid-sp18-501-CosmosDB,
  author = {Microsoft Corporation},
  title  = {Microsoft Azure Blog: Azure Cosmos DB: The industry's first globally-distributed, multi-model database service},
  year   = {2017},
  url    = {https://azure.microsoft.com/en-us/blog/azure-cosmos-db-microsofts-globally-distributed-multi-model-database-service/},
}

@Misc{hid-sp18-501-GoogleCP_BQ,
  author = {Google},
  editor = {Google Cloud Platform},
  title  = {Google BigQuery},
  url    = {http://bit.ly/2rGKRe2},
}

@Misc{hid-sp18-501-OracleCloud,
  author = {Oracle},
  title  = {Delivering Hadoop, Spark and Data Science with Oracle Security and Cloud Simplicity},
  url    = {https://cloud.oracle.com/en_US/big-data},
}

@Misc{hid-sp18-501-RedGate,
  author = {Mike Wood},
  title  = {An Introduction to Windows Azure BLOB Storage},
  year   = {2013},
  url    = {https://www.red-gate.com/simple-talk/cloud/cloud-data/an-introduction-to-windows-azure-blob-storage/},
}

@Misc{hid-sp18-501-Stackify,
  author = {Stackify},
  title  = {What is Azure Cosmos DB? Features, Benefits, Pricing, and More},
  year   = {2017},
  url    = {https://stackify.com/what-is-azure-cosmos-db/},
}

@Misc{hid-sp18-501-TechTarget,
  author = {TechTarget Network},
  title  = {Google BigQuery},
  url    = {http://searchdatamanagement.techtarget.com/definition/Google-BigQuery},
}

@Misc{hid-sp18-501-ApacheIgnite,
  author       = {Blogs.Apache},
  title        = {Database and Caching Platform},
  howpublished = {Web Page},
  year         = {2017},
  note         = {editor=Apache Software Foundation},
  url          = {https://ignite.apache.org/},
}

@Misc{hid-sp18-501-GridGain,
  author       = {GridGain Whitepapers},
  title        = {Introducing Apache Ignite: A GridGain Systems In-Memory Computing White Paper},
  howpublished = {Web Page},
  year         = {2018},
  note         = {editor=GridGain Systems},
  url          = {https://www.gridgain.com/resources/papers/introducing-apache-ignite},
}

@Misc{hid-sp18-501-ApacheIgnite,
  author = {Blogs.Apache},
  editor = {Apache Software Foundation},
  title  = {Database and Caching Platform},
  year   = {2017},
  url    = {https://ignite.apache.org/},
}

@Comment{jabref-meta: databaseType:bibtex;}
