% Encoding: UTF-8

@inproceedings{hid-sp18-405-cer2012graphical-stardog,
  added-at = {2012-05-29T00:00:00.000+0200},
  author = {Cerans, Karlis and Barzdins, Guntis and Liepins, Renars and
  Ovcinnikova, Julija and Rikacovs, Sergejs and Sprogis, Arturs},
  biburl = {https://www.bibsonomy.org/bibtex/2f7d856fddbc4d9a71b3bb9e4efdf9011/dblp},
  booktitle = {OWLED},
  editor = {Klinov, Pavel and Horridge, Matthew},
  ee = {http://ceur-ws.org/Vol-849/paper_19.pdf},
  interhash = {91155bc933a3d4e01dcb0e3e997b9c7c},
  intrahash = {f7d856fddbc4d9a71b3bb9e4efdf9011},
  keywords = {dblp},
  publisher = {CEUR-WS.org},
  series = {CEUR Workshop Proceedings},
  title = {Graphical Schema Editing for Stardog OWL/RDF Databases using OWLGrEd/S.},
  url = {http://dblp.uni-trier.de/db/conf/owled/owled2012.html#CeransBLORS12},
  volume = 849,
  month     = jan,
  owner     = {hid-sp18-405},
  year = 2012,
  note = {Accessed: 2018-01-28},
}

@Misc{hid-sp18-405-www-samoa,
  title        = {Apache Samoa Web site},
  howpublished = {Web Page},
  note         = {Accessed: 2018-01-28},
  key          = {SamoaWeb},
  owner        = {hid-sp18-405},
  url          = { https://samoa.incubator.apache.org/},
}

@InProceedings{hid-sp18-405-bif2015mining-samoa,
  author    = {Bifet, Albert},
  title     = {Mining Big Data Streams with Apache SAMOA},
  booktitle = {Proceedings of the 6th International Conference on Mining
  Ubiquitous and Social Environments},
  year      = {2015},
  volume    = {1521},
  series    = {MUSE'15},
  pages     = {55--55},
  address   = {Aachen, Germany, Germany},
  publisher = {CEUR-WS.org},
  acmid     = {3053878},
  location  = {Porto, Portugal},
  numpages  = {1},
  url       = {http://dl.acm.org/citation.cfm?id=3053868.3053878},
}

@Article{hid-sp18-405-mor2015samoa-samoa,
  author  = {Morales,Gianmarco De Francisci and Bifet, Albert},
  title   = {SAMOA: Scalable Advanced Massive Online Analysis},
  journal = {Journal of Machine Learning Research},
  year    = {2015},
  volume  = {16},
  pages   = {149-153},
  month   = jan,
  url     = {http://jmlr.org/papers/v16/morales15a.html},
}

@Misc{hid-sp18-405-blog-samoa,
	title        = {ML tools (Java)},
	author ={Chathuranga,Jayan},
	howpublished = {Blog},
	note         = {Accessed: 2018-01-28},
	key          = {SamoaBlog},
	month        = nov,
	year         = {2016},
	owner        = {hid-sp18-405},
	url          = { https://medium.com/techco/ml-tools-java-91e9b8225cf7},
}

@Misc{hid-sp18-405-www-lumify,
	title        = {Open Source Big Data Analytics and Visualization: Lumify},
	howpublished = {Web Page},
	note         = {Accessed: 2018-01-28},
  	owner        = {hid-sp18-405},
	key = {LumifyWeb},
	url= { https://n0where.net/open-source-big-data-analytics-and-visualization-lumify},
}

@Misc{hid-sp18-405-linkedinblog-lumify,
  author       = {Gillard, Stefan},
  title        = {5 open source big data analytics tools to bolster your
  business intelligence},
  howpublished = {Blog},
  month        = jul,
  year         = {2016},
  note         = {Accessed: 2018-01-28},
  owner        = {hid-sp18-405},
  url= { https://www.linkedin.com/pulse/5-open-source-big-data-analytics-tools-bolster-your-business-gillard/},
}

@Misc{hid-sp18-405-wiki-nifi,
	title     = {Apache NiFi},
	howpublished = {Web Page},
	note         = {Accessed: 2018-01-28},
 	owner        = {hid-sp18-405},
	url       = {https://en.wikipedia.org/wiki/Apache_NiFi},
	key = {NiFiWiki},
}

@Misc{hid-sp18-405-wikifbp-nifi,
	title     = {Flow-based programming},
	howpublished = {Web Page},
	note         = {Accessed: 2018-01-28},
	owner        = {hid-sp18-405},
	url       = {https://en.wikipedia.org/wiki/Flow-based_programming},
	key = {NiFiFBP},
}


@Misc{hid-sp18-405-www-nifi,
  title        = {Apache NiFi Web site},
  howpublished = {Web Page},
  note         = {Accessed: 2018-01-28},
  owner        = {hid-sp18-405},
  url          = { https://nifi.apache.org/index.html },
  key = {NiFiWeb},
}

@Misc{hid-sp18-405-wwwoverview-nifi,
  title        = {Apache NiFi Overview},
  howpublished = {Web Page},
  note         = {Accessed: 2018-01-28},
  key          = {NiFiOverview},
  owner        = {hid-sp18-405},
  url          = {https://nifi.apache.org/docs/nifi-docs/html/overview.html},
}

@Misc{hid-sp18-405-www-wherehows,
  author       = {Sun, Eric},
  title        = {Open Sourcing WhereHows: A Data Discovery and Lineage Portal},
  howpublished = {Blog},
  month        = mar,
  year         = {2016},
  note         = {Accessed: 2018-01-28},
  owner        = {hid-sp18-405},
  url= { https://engineering.linkedin.com/blog/2016/03/open-sourcing-wherehows--a-data-discovery-and-lineage-portal},
}

@Misc{hid-sp18-405-githubwiki-wherehows,
	title     = { WhereHows Github Home},
	howpublished = {Code Repository},
	note         = {Accessed: 2018-01-28},
  	owner        = {hid-sp18-405},
	url       = { https://github.com/linkedin/WhereHows/wiki},
	key = {WherehowsGit},
}

@Misc{hid-sp18-405-www-stardog,
  author       = {Carey, Scott},
  title        = {Graph database vendors: Who they are, what they do and who their customers are},
  howpublished = {Web Page},
  month        = aug,
  year         = {2017},
  note         = {Accessed: 2018-01-28},
  owner        = {hid-sp18-405},
  url          = { https://www.computerworlduk.com/galleries/data/graph-database-vendors-who-are-they-what-do-they-do-who-their-customers-are-3639961},
}

@Misc{hid-sp18-405-wwwdocs-stardog,
	title        = { Stardog 5 THE MANUAL},
	howpublished = {Web Page},
	note         = {Accessed: 2018-01-28},
 	owner        = {hid-sp18-405},
	url          = { https://www.stardog.com/docs/},
	key = {StardogDoc},
}

@Misc{hid-sp18-405-wwwaws-lumify,
  title        = {Altamira's Lumify Now Available on Amazon AWS Marketplace},
  howpublished = {Web Page},
  month        = jun,
  year         = {2017},
  note         = {Accessed: 2018-01-28},
  key ={LumifyAWS},
  owner        = {hid-sp18-405},
  url          = {https://www.altamiracorp.com/index.php/2017/06/05/altamiras-lumify-now-available-on-amazon-aws-marketplace/},
}

@Misc{hid-sp18-405-wwwazure-lumify,
	title        = {Altamira Lumify Now Available on Microsoft Azure},
	howpublished = {Web Page},
	month        = aug,
	year         = {2017},
	note         = {Accessed: 2018-01-28},
	key ={LumifyAZURE},
	owner        = {hid-sp18-405},
	url          = 
	{https://www.altamiracorp.com/index.php/2017/08/29/altamira-lumify-now-available-on-microsoft-azure/},
}

@Comment{jabref-meta: databaseType:bibtex;}


