% This file was created with JabRef 2.10.
% Encoding: UTF-8

@Misc{hid-sp18-510-ng-Mahout,
  Title =        {Map-Reduce for Machine Learning on Multicore},
  Author =       {Andrew NG et al.},
  HowPublished = {Web Page},
  Timestamp =    {2018.02.18},
  Url =
                  {https://cs.stanford.edu/people/ang/papers/nips06-mapreducemulticore.pdf}
}

@Misc{hid-sp18-510-med-Kubernetes,
  Title =        {KUBERNETES! Let's take it easy...},
  Author =       {Gabriel Augusto da Costa},
  HowPublished = {Web Page},
  Month =        {February},
  Year =         2017,
  Timestamp =    {2018.02.18},
  Url =
                  {https://medium.com/quick-mobile/kubernetes-lets-take-it-easy-924467dc5b21}
}

@Misc{hid-sp18-510-web-PredIO,
  Title =        {Apache PredictionIO},
  Author =       {Apache Software Foundation},
  HowPublished = {Web Page},
  Timestamp =    {2018.02.18},
  Url =
                  {https://predictionio.apache.org/#what-is-apache-predictionio}
}

@Misc{hid-sp18-510-web-Mahout,
  Title =        {Mahout},
  Author =       {Apache Software Foundation},
  HowPublished = {Web Page},
  Month =        {December},
  Year =         2017,
  Timestamp =    {2018.02.18},
  Url =          {https://mahout.apache.org}
}

@Misc{hid-sp18-510-ibm-Mahout,
  Title =        {Introducing Apache Mahout},
  Author =       {Grant Ingersoll},
  HowPublished = {Web Page},
  Month =        {September},
  Year =         2009,
  Timestamp =    {2018.02.18},
  Url =
                  {https://www.ibm.com/developerworks/java/library/j-mahout/}
}

@Misc{hid-sp18-510-web-Kubernetes,
  Title =        {Kubernetes},
  Author =       {Kubernetes},
  HowPublished = {Web Page},
  Timestamp =    {2018.02.18},
  Url =          {https://kubernetes.io/}
}

@Misc{hid-sp18-510-kd-cntk,
  Title =        {Microsoft Deep Learning Brings Innovative Features -
                  CNTK Shows Promise},
  Author =       {Matthew Mayo},
  HowPublished = {Web Page},
  Month =        {February},
  Year =         2016,
  Timestamp =    {2018.02.18},
  Url =
                  {https://www.kdnuggets.com/2016/02/microsoft-deep-learning-brings-innovative-features.html}
}

@Misc{hid-sp18-510-web-cntk,
  Title =        {The Microsoft Cognitive Toolkit},
  Author =       {Microsoft},
  HowPublished = {Web Page},
  Timestamp =    {2018.02.18},
  Url =          {https://docs.microsoft.com/en-us/cognitive-toolkit/}
}

@Misc{hid-sp18-510-web-theano,
  Title =        {theano},
  Author =       {Theano},
  HowPublished = {Web Page},
  Timestamp =    {2018.02.18},
  Url =          {http://deeplearning.net/software/theano/}
}

@Misc{hid-sp18-510-wiki-Kubernetes,
  Title =        {Kubernetes},
  Author =       {Wikipedia},
  HowPublished = {Web Page},
  Month =        {February},
  Year =         2018,
  Timestamp =    {2018.02.18},
  Url =          {https://en.wikipedia.org/wiki/Kubernetes}
}

@Misc{hid-sp18-510-wiki-theano,
  Title =        {Theano},
  Author =       {Wikipedia},
  HowPublished = {Web Page},
  Month =        {Feb},
  Year =         2018,
  Timestamp =    {2018.02.18},
  Url =          {https://en.wikipedia.org/wiki/Theano_(software)}
}

@Misc{hid-sp18-510-wiki-Mahout,
  Title =        {Apache Mahout},
  Author =       {Wikipedia},
  HowPublished = {Web Page},
  Month =        {September},
  Year =         2017,
  Timestamp =    {2018.02.18},
  Url =          {https://en.wikipedia.org/wiki/Apache_Mahout}
}
