@Misc{hid-sp18-515-www-couchdb,
title = {Apache CouchDB},
url = {http://couchdb.apache.org/},
howpublished = {Web Page},
note = {Accessed: 2018-02-18},
}

@Misc{hid-sp18-515-www-hadoop,
title = {Apache Hadoop},
url = {http://hadoop.apache.org/},
howpublished = {Web Page},
note = {Accessed: 2018-02-18},
}

@Misc{hid-sp18-515-www-hbase,
title = {Apache HBase},
url = {https://hbase.apache.org/},
howpublished = {Web Page},
note = {Accessed: 2018-02-18},
}

@Misc{hid-sp18-515-www-ranger,
title = {Apache Ranger},
url = {http://ranger.apache.org/},
howpublished = {Web Page},
note = {Accessed: 2018-02-18},
}

@Misc{hid-sp18-515-www-oraclenosql,
title = {Oracle Nosql Database},
url = {http://www.oracle.com/technetwork/database/database-technologies/nosqldb/overview/index.html},
howpublished = {Web Page},
note = {Accessed: 2018-02-18},
}
