% Encoding: UTF-8

@Misc{hid-sp18-523-www-h2o,
  author={H2O},
  title={H2O},
  howpublished={Web},
  timestamp={},
  Url={https://www.h2o.ai/h2o/}
}
@Misc{hid-sp18-523-www-dremel,
  author={Google},
  title={Dremel: Interactive analysis of webscale datasets},
  howpublished={Web},
  timestamp={2010},
  Url={https://research.google.com/pubs/pub36632.html}
}
@Misc{hid-sp18-523-www-genomics,
  author={Google},
  title={Google Genomics},
  howpublished={Web},
  timestamp={},
  Url={https://cloud.google.com/genomics/}
}
@Misc{hid-sp18-523-www-google-vision,
  author={Google},
  title={Google Vision API},
  howpublished={Web},
  timestamp={},
  Url={https://https:/cloud.google.com/vision/}
}
@Misc{hid-sp18-523-www-google-spanner,
  author={Google},
  title={Google Spanner},
  howpublished={Web},
  timestamp={},
  Url={https://cloud.google.com/spanner/}
}

@Comment{jabref-meta: databaseType:bibtex;}
