@Misc{hid-sp18-414-Hyperledger_Burrow,
title = {Hyperledger Burrow},
howpublished = {Web Page},
Url={https://www.hyperledger.org/projects/hyperledger-burrow },
timestamp = {02/05/2018}

}

@Misc{hid-sp18-414-Hyperledger_Fabric,
title = {Hyperledger Fabric},
howpublished = {Web Page},
Url={https://hyperledger.org/projects/fabric},
timestamp = {02/05/2018}
}

@Misc{hid-sp18-414-Behlendorf_Interview,
title = {Fabric 1.0: Hyperledger Releases First Production-Ready Blockchain Software},
howpublished = {Web Page},
Url={https://www.coindesk.com/fabric-1-0-hyperledger-releases-first-production-ready-blockchain-software/},
timestamp = {02/05/2018}
}


@Misc{hid-sp18-414-Hyperledger_Indy,
title = {Hyperledger Indy},
howpublished = {Web Page},
Url={https://www.hyperledger.org/projects/hyperledger-indy},
timestamp = {02/05/2018}
}

@Misc{hid-sp18-414-Windley,
title = {Guest post: Phillip J. Windley, Ph.D., Chair, Sovrin Foundation},
howpublished = {Web Page},
Url={https://www.hyperledger.org/blog/2017/05/02/hyperledger-welcomes-project-indy},
timestamp = {02/05/2018}
}

@Misc{hid-sp18-414-Hyperledger_Iroha,
title = {Hyperledger Iroha},
howpublished = {Web Page},
Url={https://www.hyperledger.org/projects/iroha},
timestamp = {02/05/2018}
}

@Misc{hid-sp18-414-Behlendorf,
title = {What's the Difference Between the 5 Hyperledger Blockchain Projects?},
howpublished = {Web Page},
Url={https://www.sdxcentral.com/articles/news/whats-the-difference-between-the-5-hyperledger-blockchain-projects/2017/09/},
timestamp = {02/05/2018}
}


@Misc{hid-sp18-414-Hyperledger_Sawtooth,
title = {Hyperledger Sawtooth},
howpublished = {Web Page},
Url={https://hyperledger.org/projects/sawtooth},
timestamp = {02/05/2018}
}

@Misc{hid-sp18-414-Linux_Foundation_Sawtooth,
title = {Hyperledger Releases Hyperledger Sawtooth 1.0},
howpublished = {Web Page},
Url={https://www.linuxfoundation.org/press-release/hyperledger-releases-hyperledger-sawtooth-1-0},
timestamp = {02/05/2018}
}

@Misc{hid-sp18-414-Active_Status_Iroha,
title = {Hyperledger Iroha Graduates to Active Status},
howpublished = {Web Page},
Url={https://www.hyperledger.org/blog/2017/05/22/hyperledger-iroha-graduates-to-active-status},
timestamp = {02/05/2018}
}
