@Misc{hid-sp18-409-www-firebase,
	author = {Google},
	title = {Firebase expands to become unified 
	app platform},
	howpublished = {Web Page},
	timestamp = {2016-05},
	Url =
	{https://firebase.googleblog.com/2016/05/firebase-expands-to-become-unified-app-platform.html
	}
}

@Misc{hid-sp18-409-www-firebase-official,
	author = {Google},
	title = {Firebase expands to become unified 
	app platform},
	howpublished = {Web Page},
	timestamp = {2018-02-03},
	Url = {https://firebase.googleblog.com }
}

@Misc{hid-sp18-409-www-firebase-merged,
	author = { Google},
	title = {GCM and FCM Frequently Asked 
	Questions},
	howpublished = {Web Page},
	timestamp = {2018-02-03},
	Url = { 
	https://developers.google.com/cloud-messaging/faq}
}


@Misc{hid-sp18-409-www-firepad,
	author = { Google},
	title = { Real-time collaboration with no 
	server code},
	howpublished = {Web Page},
	timestamp = {2018-02-03},
	Url = { https://firepad.io/}
}


@Misc{hid-sp18-409-www-firepad-wikipedia,
	author = {Firepad, Inc},
	title = {Open source collaborative online 
	editor},
	howpublished = {Web Page},
	timestamp = {2016-12-18},
	Url = 
	{http://texteditors.org/cgi-bin/wiki.pl?Firepad}
}


@Misc{hid-sp18-409-www-databricks,
	author = {Microsoft},
	title = {Microsoft Azure Databricks},
	howpublished = {Web Page},
	timestamp = {2018-02-03},
	Url = {https://databricks.com/product/azure}
}

@Misc{hid-sp18-409-www-databrick-doc,
	author = {Microsoft},
	title= {What is Azure Databricks},
	howpublished = {Web Page},
	timestamp = {2018-01-2},
	Url = {
	https://docs.microsoft.com/en-us/azure/azure-databricks/what-is-azure-databricks}
}

@Misc{hid-sp18-409-www-pubnub,
	author = {PubNub},
	title = {PubNub Data Stream Network},
	howpublished = {Web Page},
	timestamp = {2018-02-04},
	Url = {https://www.pubnub.com/}
}

@Misc{hid-sp18-409-www-pubnub-wikipedia,
	author = {Wikipedia},
	title = {Description about PubNub},
	howpublished = {Web Page},
	timestamp = {2018-02-04},
	Url = {https://en.wikipedia.org/wiki/PubNub}
}

@Misc{hid-sp18-409-www-instabug,
	author = {Instabug},
	title = {In-App Feedback and Bug Reporting for 
	Mobile Apps},
	howpublished = {Web Page},
	timestamp = {2018-02-04},
	Url = { https://instabug.com/}
}

@Misc{hid-sp18-409-www-instabug-wikipedia,
	author = {Instabug},
	title = {Description about Instabug},
	howpublished = {Web Page},
	timestamp = {2018-02-04},
	Url = {https://en.wikipedia.org/wiki/Instabug}
}
