@Misc{hid-sp18-411-skytap,
title = {Skytap},
howpublished = {Web},
timestamp= {2018-02-26},
url = {https://www.skytap.com/}
}

@Misc{hid-sp18-411-apachemahout,
title = {Apache Mahout},
howpublished = {Web},
timestamp= {2018-02-26},
url = {https://mahout.apache.org/}
}

@Misc{hid-sp18-411-amazonelasticbeanstalk,
title = {Amazon Elastic Beanstalk},
howpublished = {Web},
timestamp= {2018-02-26},
url = {https://aws.amazon.com/elasticbeanstalk/}
}