@Misc{hid-sp18-517-Sqoop,
  title        = {Sqoop User Guide (v1.4.7)},
  howpublished = {Web Page},
  note         = {(Accessed on 02/03/2018)},
  url          = {http://sqoop.apache.org/docs/1.4.7/SqoopUserGuide.html#_introduction},
}

@Misc{hid-sp18-517-MongoDB-intro,
  title        = {Introduction to MongoDB - MongoDB Manual 3.6},
  howpublished = {Web Page},
  note         = {(Accessed on 02/03/2018)},
  url          = {https://docs.mongodb.com/manual/introduction/},
}

@Misc{hid-sp18-517-Hue-wiki,
  title        = {Hue (Hadoop) - Wikipedia},
  howpublished = {Web Page},
  note         = {(Accessed on 02/03/2018)},
  url          = {https://en.wikipedia.org/wiki/Hue_(Hadoop)},
}

@Misc{hid-sp18-517-hue-apache,
  title        = {EHue, the self service open source Analytics Workbench for browsing, querying and visualizing data interactively},
  howpublished = {Web Page},
  note         = {(Accessed on 02/03/2018)},
  url          = {http://gethue.com/sql-editor/},
}

@Misc{hid-sp18-517-ApacheKudu,
  title        = {Apache Kudu - Overview},
  howpublished = {Web Page},
  note         = {(Accessed on 02/03/2018)},
  url          = {http://kudu.apache.org/overview.html},
}

@Misc{hid-sp18-517-ApacheKafka,
  title        = {Apache Kafka},
  howpublished = {Web Page},
  note         = {(Accessed on 02/03/2018)},
  url          = {https://kafka.apache.org/},
}

@misc{hid-sp18-517-ApacheKylin,
title = {Apache Kylin},
howpublished = {Web Page},
url={https://www.slideshare.net/YangLi43/apache-kylin-deep-dive-2014-dec},
note = {(Accessed on 02/24/2018)}
}

@Misc{hid-sp18-517-pulsar-apache,
  title        = {Apache Pulsar},
  howpublished = {Web Page},
  note         = {(Accessed on 02/28/2018)},
  url          = {https://pulsar.incubator.apache.org/docs/latest/getting-started/ConceptsAndArchitecture/},
}

@Misc{hid-sp18-517-metron-apache,
  title        = {Apache Metron},
  howpublished = {Web Page},
  note         = {(Accessed on 02/28/2018)},
  url          = {https://cwiki.apache.org/confluence/display/METRON/},
}

@Misc{hid-sp18-517-metron-hortonworks,
  title        = {Apache Metron - Hortonworks},
  howpublished = {Web Page},
  note         = {(Accessed on 02/28/2018)},
  url          = {https://hortonworks.com/apache/metron/#section_3},
}

