% This file was created with JabRef 2.10.
% Encoding: UTF-8


@Misc{hid-sp18-503-www-gossip-wiki,
  Title                    = {Gossip protocol --- Wikipedia{,} The Free Encyclopedia},

  Author                   = {Wikipedia contributors},
  Note                     = {[Online; accessed 19-February-2018]},
  Year                     = {2017},

  Url                      = {https://en.wikipedia.org/w/index.php?title=Gossip_protocol&oldid=809583854}
}

@Misc{hid-sp18-503-www-carbondata-docs,
  Title                    = {CarbonData File Structure},

  Author                   = {CarbonData},
  HowPublished             = {Apache carbondata website},
  Year                     = {2017},

  Owner                    = {arnav},
  Timestamp                = {2018.02.16},
  Url                      = {https://carbondata.apache.org/file-structure-of-carbondata.html}
}

@Misc{hid-sp18-503-www-carbondata-mgmt,
  Title                    = {CarbonData Data Management},

  Author                   = {CarbonData},
  HowPublished             = {Apache carbondata website},
  Year                     = {2017},

  Owner                    = {arnav},
  Timestamp                = {2018.02.16},
  Url                      = {https://carbondata.apache.org/data-management-on-carbondata.html}
}

@Misc{hid-sp18-503-www-edgent,
  Author                   = {Edgent},
  HowPublished             = {Apache edgent website},
  Year                     = {2017},

  Owner                    = {arnav},
  Timestamp                = {2018.02.16},
  Url                      = {http://edgent.apache.org/}
}

@Misc{hid-sp18-503-www-edgent-docs,
  Title                    = {Apache Edgent Documentation},

  Author                   = {Apache Edgent},
  HowPublished             = {Apache Edgent Website},
  Year                     = {2017},

  Owner                    = {arnav},
  Timestamp                = {2018.02.16},
  Url                      = {http://edgent.apache.org/docs/home.html}
}

@Misc{hid-sp18-503-www-gobblin,
  Title                    = {Apache Gobblin},

  Author                   = {Apache Gobblin},
  HowPublished             = {Apache Gobblin Website},
  Year                     = {2017},

  Owner                    = {arnav},
  Timestamp                = {2018.02.19},
  Url                      = {http://gobblin.incubator.apache.org/}
}

@Misc{hid-sp18-503-www-gossip,
  Title                    = {Apache Gossip},

  Author                   = {Apache Gossip},
  HowPublished             = {Apache Gossip Website},
  Year                     = {2017},

  Owner                    = {arnav},
  Timestamp                = {2018.02.19},
  Url                      = {http://gossip.incubator.apache.org/}
}

@Misc{hid-sp18-503-www-milagro,
  Title                    = {What is Apache Milagro},

  Author                   = {Apache Milagro},
  HowPublished             = {Apache Milagro Website},
  Year                     = {2017},

  Owner                    = {arnav},
  Timestamp                = {2018.02.19},
  Url                      = {https://milagro.apache.org/}
}

@Misc{hid-sp18-503-www-milagro-docs,
  Title                    = {Milagro Documentation},

  Author                   = {Apache Milagro},
  HowPublished             = {Apache Milagro Website},
  Year                     = {2017},

  Owner                    = {arnav},
  Timestamp                = {2018.02.19},
  Url                      = {http://docs.milagro.io/en/}
}

@Misc{hid-sp18-503-www-gobblin-docs,
  Title                    = {Gobblin as a Service},

  Author                   = {Abhishek Tiwari},
  HowPublished             = {Apache Gobblin Website},
  Month                    = {July},
  Year                     = {2017},

  Owner                    = {arnav},
  Timestamp                = {2018.02.19},
  Url                      = {https://cwiki.apache.org/confluence/display/GOBBLIN/Gobblin+as+a+Service}
}

