% Encoding: UTF-8
@misc{Azure-IoT,
  title =        {Azure-IoT},
  url =
                  {https://msdn.microsoft.com/en-us/magazine/mt694088.aspx},
  journal =      {Internet of Things - Develop an Azure-Connected IoT
                  Solution in Visual Studio with C }
}

@Misc{GoogleCP_BDS,
  title =        {Big Data Solutions - Google Cloud Platform},
  url =          {https://cloud.google.com/solutions/big-data/},
  note =         {Acquired: 2018-01-28}
}

@Misc{GoogleCP_CD,
  title =        {Cloud Dataproc - Cloud-native Hadoop and Spark -
                  Google Cloud Platform},
  url =          {https://cloud.google.com/dataproc/},
  note =         {Acquired: 2018-01-28}
}

@Misc{HPCC,
  title =        {Home Page - HPCC Systems},
  url =          {https://hpccsystems.com/},
  note =         {Acquired: 2018-01-28}
}

@Misc{QDS,
  title =        {QDS - Big Data Platform - Qubole},
  url =
                  {https://www.qubole.com/products/qubole-data-service/},
  note =         {Acquired: 2018-01-28}
}

@misc{alluxio,
  title =        {Alluxio Open Source},
  url =          {https://www.alluxio.org/docs/1.7/en/index.html},
  journal =      {Alluxio}
}

@Misc{centOS,
  title =        {CentOS Project},
  url =          {https://www.centos.org/},
  note =         {Acquired: 2018-01-28}
}

@misc{connectthedots,
  title =        {Azure/connectthedots},
  url =          {https://github.com/Azure/connectthedots},
  journal =      {GitHub},
  author =       {Azure},
  year =         2017,
  month =        {Jun}
}

@misc{denodo,
  title =        {Data Virtualization Overview},
  url =
                  {https://www.denodo.com/en/data-virtualization/overview},
  journal =      {Denodo},
  year =         2015,
  month =        {Aug}
}

@Misc{hid-sp-421-ChukwaCloud,
  title =        {Apache Chukwa},
  timestamp =    {2018-02-18},
  url =          {http://chukwa.apache.org},
}

@Misc{hid-sp-421-ChukwaComponents,
  title =        {Apache Chukwa},
  timestamp =    {2018-02-18},
  url =          {http://chukwa.apache.org/docs/r0.5.0/},
}

@Misc{hid-sp18-401-Ambari,
  title =        {Apache Ambari},
  timestamp =    {2018-02-25},
  url =          { https://ambari.apache.org/},
}

@Misc{hid-sp18-401-XGBoost-gen,
  title =        {XGBoost},
  howpublished = {Web Page},
  Author =       {Jason Brownlee},
  timestamp =    {2018-02-25},
  url =
                  {https://machinelearningmastery.com/gentle-introduction-xgboost-applied-machine-learning/}
}

@Misc{hid-sp18-401-XGBoost-git,
  title =        {XGBoost},
  howpublished = {Web Page},
  timestamp =    {2018-02-25},
  url =          {https://github.com/dmlc/xgboost}
}

@Misc{hid-sp18-401-XGBoost-wiki,
  title =        {XGBoost},
  howpublished = {Web Page},
  timestamp =    {2018-02-25},
  url =          {https://www.wikiwand.com/en/Xgboost}
}

@Misc{hid-sp18-401-apache-Impala,
  author =       {Apache Software Foundation},
  title =        {Apache Impala},
  howpublished = {Web Page},
  timestamp =    {2018-02-18},
  url =          {http://impala.apache.org/}
}

@Misc{hid-sp18-401-keras,
  title =        {Keras},
  url =          {https://keras.io/},
  howpublished = {Web Page},
  datetime =     {2018-02-25}
}

@Misc{hid-sp18-401-lightgbm,
  title =        {Keras},
  url =          {https://github.com/Microsoft/LightGBM},
  howpublished = {Web Page},
  datetime =     {2018-02-25}
}

@Misc{hid-sp18-401-wiki-Ambari,
  title =        {Apache Ambari},
  timestamp =    {2018-02-25},
  url =          { https://www.wikiwand.com/en/Apache_Ambari},
}

@Misc{hid-sp18-401-wiki-Impala,
  author =       {Apache Software Foundation},
  title =        {Apache Impala},
  howpublished = {Web Page},
  timestamp =    {2018-02-18},
  url =          {https://www.wikiwand.com/en/Apache_Impala}
}

@Misc{hid-sp18-402-bmc,
  author       = {{BMC}},
  title        = {:o: FIX ENTRY},
  howpublished = {Web Page},
  year         = {2017},
  url          = {
                  https://www.bmc.com/it-solutions/multi-cloud-management.html},
}

@Misc{hid-sp18-402-gephi,
  author       = {{gephi.org}},
  title        = {:o: FIX ENTRY},
  howpublished = {Web Page},
  year         = {2008},
  url          = {https://gephi.org},
}

@Misc{hid-sp18-402-gephiF,
  author       = {{gephi.org}},
  title        = {:o: FIX ENTRY},
  howpublished = {Web Page},
  year         = {2008},
  url          = {https://gephi.org/features/},
}

@Misc{hid-sp18-402-www-apatar,
  author       = {{apatar.com}},
  title        = {:o: FIX ENTRY},
  howpublished = {Web Page},
  year         = {2005},
  url          = {http://www.apatar.com/},
}

@Misc{hid-sp18-402-www-dokku,
  author       = {{dokku}},
  title        = {:o: FIX ENTRY},
  howpublished = {Web Page},
  year         = {2013},
  url          = {http://dokku.viewdocs.io/dokku/},
}

@Misc{hid-sp18-402-www-dokkuG,
  author       = {{dokku}},
  title        = {:o: FIX ENTRY},
  howpublished = {Web Page},
  year         = {2016},
  url          = {https://dokku.github.io/first-prost/welcome-to-dokku},
}

@Misc{hid-sp18-402-www-ibm,
  author       = {{ibm.com}},
  title        = {:o: FIX ENTRY},
  howpublished = {Web Page},
  year         = {2014},
  url          = { https://www.ibm.com/cloud/},
}

@Misc{hid-sp18-402-www-ibm-blog,
  author =       {Michael Mendenhall and Buell Duncan},
  title =        {Bluemix is now IBM Cloud: Build confidently with
                  170+ services},
  howpublished = {Web Page},
  month =        oct,
  year =         2017,
  url =
                  {https://www.ibm.com/blogs/bluemix/2017/10/bluemix-is-now-ibm-cloud/},
}

@Manual{hid-sp18-403-R-dbi,
  title =        {DBI: R Database Interface},
  author =       { {R Special Interest Group on Databases (R-SIG-DB)}
                  and Hadley Wickham and Kirill M\"{u}ller },
  year =         2017,
  note =         {R package version 0.6-1},
  url =          {https://CRAN.R-project.org/package=DBI},
}

@Manual{hid-sp18-403-R-dbplyr,
  title =        {dbplyr: A 'dplyr' Back End for Databases},
  author =       {Hadley Wickham and Edgar Ruiz},
  year =         2018,
  note =         {R package version 1.2.0},
  url =          {https://CRAN.R-project.org/package=dbplyr},
}

@Manual{hid-sp18-403-R-drake,
  title =        {drake: Data Frames in R for Make},
  author =       {William Michael Landau},
  year =         2018,
  note =         {R package version 5.0.0},
  url =          {https://CRAN.R-project.org/package=drake},
}

@Manual{hid-sp18-403-R-odbc,
  title =        { odbc: Connect to ODBC Compatible Databases (using
                  the DBI Interface) },
  author =       {Jim Hester and Hadley Wickham},
  year =         2018,
  note =         {R package version 1.1.5},
  url =          {https://CRAN.R-project.org/package=odbc},
}

@Manual{hid-sp18-403-R-pool,
  title =        {pool: Object Pooling},
  author =       {Barbara Borges},
  year =         2017,
  note =         {R package version 0.1.3},
  url =          {https://CRAN.R-project.org/package=pool},
}

@misc{hid-sp18-403-rstudio-odbc,
  title =        {odbc},
  url =          {https://db.rstudio.com/odbc},
  journal =      {Databases using R},
  publisher =    {RStudio},
  author =       {RStudio}
}

@misc{hid-sp18-403-tidy-dbplyr,
  title =        {Introduction to dbplyr},
  url =          {http://dbplyr.tidyverse.org/articles/dbplyr.html},
  journal =      {Introduction to dbplyr - dbplyr},
  publisher =    {RStudio},
  author =       {Wickham, Hadley}
}

@Misc{hid-sp18-404-Apache2018,
  author =       {Apache},
  title =        {What is Mesos? A distributed systems kernel},
  year =         2018,
  url =          {http://mesos.apache.org/},
}

@Misc{hid-sp18-404-Architecture2018,
  author =       {Architecture},
  title =        {DC/OS 1.10 Documentation},
  year =         2018,
  url =
                  {https://docs.mesosphere.com/1.10/overview/architecture/},
}

@Misc{hid-sp18-404-BlogsApache2014,
  author =       {Blogs.Apache},
  editor =       {Apache Software Foundation},
  title =        {The Apache Software Foundation Announces Apache
                  Drill as a Top-Level Project},
  year =         2014,
  date =         {2014-12},
  url =
                  {https://blogs.apache.org/foundation/entry/the_apache_software_foundation_announces66},
}

@Misc{hid-sp18-404-Concepts2018,
  author =       {Concepts},
  title =        {DC/OS 1.10 Documentation},
  year =         2018,
  url =          {https://docs.mesosphere.com/1.10/overview/concepts/},
}

@Misc{hid-sp18-404-Darrow2016,
  author =       {Barb Darrow},
  title =        {Pivotal Cloud Foundry Is Not Just for New Apps
                  Anymore},
  year =         2016,
  url =
                  {http://fortune.com/2016/06/06/pivotal-cloud-foundry-legacy-apps/},
}

@Misc{hid-sp18-404-Drill2015,
  author =       {Apache Drill},
  title =        {Query any non-relational datastore (well,
                  almost...)},
  year =         2015,
  url =          {https://drill.apache.org/},
}

@Misc{hid-sp18-404-Drill2017,
  author =       {Apache Drill},
  editor =       {MAPR Data Technologies},
  title =        {Apache Drill Enables Self-Service Data Exploration
                  on All Data with a Schema-Free SQL Query Engine},
  year =         2017,
  url =          {https://mapr.com/products/apache-drill/},
}

@Misc{hid-sp18-404-Evan,
  author =       {Evan Shelhamer and Jeff Donahue and Jon Long and
                  Yangqing Jia and Ross Girshick},
  title =        {DIY Deep Learning for Vision: a Hands-On Tutorial
                  with Caffe},
  year =         2017,
  url =
                  {https://docs.google.com/presentation/d/1UeKXVgRvvxg9OUdh_UiC5G71UMscNPlvArsWER41PsU/edit#slide=id.gc2fcdcce7_216_0
                  },
}

@Misc{hid-sp18-404-Features2018,
  author =       {Features},
  title =        {DC/OS 1.10 Documentation},
  year =         2018,
  url =          {https://docs.mesosphere.com/1.10/overview/features/},
}

@Misc{hid-sp18-404-Mesos2018,
  author =       {Mesos},
  title =        {Why Mesos?},
  year =         2018,
  url =          {https://mesosphere.com/why-mesos/},
}

@Misc{hid-sp18-404-Pivotal2017,
  author =       {Pivotal},
  editor =       {Signal FX},
  title =        {Pivotal Cloud Foundry Monitoring},
  year =         2017,
  url =
                  {https://signalfx.com/pivotal-cloud-foundry-monitoring/},
}

@Article{hid-sp18-404-jia2014caffe,
  author =       {Jia Yangqing and Shelhamer Evan and Donahue Jeff and
                  Karayev Sergey and Long Jonathan and Girshick Ross
                  and Guadarrama Sergio and Darrell Trevor},
  title =        {Caffe: Convolutional Architecture for Fast Feature
                  Embedding},
  journal =      {arXiv preprint arXiv:1408.5093},
  year =         2014,
}

@InProceedings{hid-sp18-405-bif2015mining-samoa,
  author =       {Bifet, Albert},
  title =        {Mining Big Data Streams with Apache SAMOA},
  booktitle =    {Proceedings of the 6th International Conference on
                  Mining Ubiquitous and Social Environments},
  year =         2015,
  volume =       1521,
  series =       {MUSE'15},
  pages =        {55--55},
  address =      {Aachen, Germany, Germany},
  publisher =    {CEUR-WS.org},
  acmid =        3053878,
  location =     {Porto, Portugal},
  numpages =     1,
  url =          {http://dl.acm.org/citation.cfm?id=3053868.3053878},
}

@Misc{hid-sp18-405-blog-samoa,
  title =        {ML tools (Java)},
  author =       {Chathuranga,Jayan},
  howpublished = {Blog},
  note =         {Accessed: 2018-01-28},
  key =          {SamoaBlog},
  month =        nov,
  year =         2016,
  owner =        {hid-sp18-405},
  url =          {
                  https://medium.com/techco/ml-tools-java-91e9b8225cf7},
}

@inproceedings{hid-sp18-405-cer2012graphical-stardog,
  added-at =     {2012-05-29T00:00:00.000+0200},
  author =       {Cerans, Karlis and Barzdins, Guntis and Liepins,
                  Renars and Ovcinnikova, Julija and Rikacovs, Sergejs
                  and Sprogis, Arturs},
  biburl =
                  {https://www.bibsonomy.org/bibtex/2f7d856fddbc4d9a71b3bb9e4efdf9011/dblp},
  booktitle =    {OWLED},
  editor =       {Klinov, Pavel and Horridge, Matthew},
  ee =           {http://ceur-ws.org/Vol-849/paper_19.pdf},
  interhash =    {91155bc933a3d4e01dcb0e3e997b9c7c},
  intrahash =    {f7d856fddbc4d9a71b3bb9e4efdf9011},
  keywords =     {dblp},
  publisher =    {CEUR-WS.org},
  series =       {CEUR Workshop Proceedings},
  title =        {Graphical Schema Editing for Stardog OWL/RDF
                  Databases using OWLGrEd/S.},
  url =
                  {http://dblp.uni-trier.de/db/conf/owled/owled2012.html#CeransBLORS12},
  volume =       849,
  month =        jan,
  owner =        {hid-sp18-405},
  year =         2012,
  note =         {Accessed: 2018-01-28},
}

@Misc{hid-sp18-405-githubwiki-wherehows,
  title =        { WhereHows Github Home},
  howpublished = {Code Repository},
  note =         {Accessed: 2018-01-28},
  owner =        {hid-sp18-405},
  url =          { https://github.com/linkedin/WhereHows/wiki},
  key =          {WherehowsGit},
}

@Misc{hid-sp18-405-linkedinblog-lumify,
  author =       {Gillard, Stefan},
  title =        {5 open source big data analytics tools to bolster
                  your business intelligence},
  howpublished = {Blog},
  month =        jul,
  year =         2016,
  note =         {Accessed: 2018-01-28},
  owner =        {hid-sp18-405},
  url =          {
                  https://www.linkedin.com/pulse/5-open-source-big-data-analytics-tools-bolster-your-business-gillard/},
}

@Article{hid-sp18-405-mor2015samoa-samoa,
  author =       {Morales,Gianmarco De Francisci and Bifet, Albert},
  title =        {SAMOA: Scalable Advanced Massive Online Analysis},
  journal =      {Journal of Machine Learning Research},
  year =         2015,
  volume =       16,
  pages =        {149-153},
  month =        jan,
  url =          {http://jmlr.org/papers/v16/morales15a.html},
}

@Misc{hid-sp18-405-wiki-nifi,
  title =        {Apache NiFi},
  howpublished = {Web Page},
  note =         {Accessed: 2018-01-28},
  owner =        {hid-sp18-405},
  url =          {https://en.wikipedia.org/wiki/Apache_NiFi},
  key =          {NiFiWiki},
}

@Misc{hid-sp18-405-wikifbp-nifi,
  title =        {Flow-based programming},
  howpublished = {Web Page},
  note =         {Accessed: 2018-01-28},
  owner =        {hid-sp18-405},
  url =
                  {https://en.wikipedia.org/wiki/Flow-based_programming},
  key =          {NiFiFBP},
}

@Misc{hid-sp18-405-www-lumify,
  title =        {Open Source Big Data Analytics and Visualization:
                  Lumify},
  howpublished = {Web Page},
  note =         {Accessed: 2018-01-28},
  owner =        {hid-sp18-405},
  key =          {LumifyWeb},
  url =          {
                  https://n0where.net/open-source-big-data-analytics-and-visualization-lumify},
}

@Misc{hid-sp18-405-www-nifi,
  title =        {Apache NiFi Web site},
  howpublished = {Web Page},
  note =         {Accessed: 2018-01-28},
  owner =        {hid-sp18-405},
  url =          { https://nifi.apache.org/index.html },
  key =          {NiFiWeb},
}

@Misc{hid-sp18-405-www-samoa,
  title =        {Apache Samoa Web site},
  howpublished = {Web Page},
  note =         {Accessed: 2018-01-28},
  key =          {SamoaWeb},
  owner =        {hid-sp18-405},
  url =          { https://samoa.incubator.apache.org/},
}

@Misc{hid-sp18-405-www-stardog,
  author =       {Carey, Scott},
  title =        {Graph database vendors: Who they are, what they do
                  and who their customers are},
  howpublished = {Web Page},
  month =        aug,
  year =         2017,
  note =         {Accessed: 2018-01-28},
  owner =        {hid-sp18-405},
  url =          {
                  https://www.computerworlduk.com/galleries/data/graph-database-vendors-who-are-they-what-do-they-do-who-their-customers-are-3639961},
}

@Misc{hid-sp18-405-www-wherehows,
  author =       {Sun, Eric},
  title =        {Open Sourcing WhereHows: A Data Discovery and
                  Lineage Portal},
  howpublished = {Blog},
  month =        mar,
  year =         2016,
  note =         {Accessed: 2018-01-28},
  owner =        {hid-sp18-405},
  url =          {
                  https://engineering.linkedin.com/blog/2016/03/open-sourcing-wherehows--a-data-discovery-and-lineage-portal},
}

@Misc{hid-sp18-405-wwwaws-lumify,
  title =        {Altamira's Lumify Now Available on Amazon AWS
                  Marketplace},
  howpublished = {Web Page},
  month =        jun,
  year =         2017,
  note =         {Accessed: 2018-01-28},
  key =          {LumifyAWS},
  owner =        {hid-sp18-405},
  url =
                  {https://www.altamiracorp.com/index.php/2017/06/05/altamiras-lumify-now-available-on-amazon-aws-marketplace/},
}

@Misc{hid-sp18-405-wwwazure-lumify,
  title =        {Altamira Lumify Now Available on Microsoft Azure},
  howpublished = {Web Page},
  month =        aug,
  year =         2017,
  note =         {Accessed: 2018-01-28},
  key =          {LumifyAZURE},
  owner =        {hid-sp18-405},
  url =
                  {https://www.altamiracorp.com/index.php/2017/08/29/altamira-lumify-now-available-on-microsoft-azure/},
}

@Misc{hid-sp18-405-wwwdocs-stardog,
  title =        { Stardog 5 THE MANUAL},
  howpublished = {Web Page},
  note =         {Accessed: 2018-01-28},
  owner =        {hid-sp18-405},
  url =          { https://www.stardog.com/docs/},
  key =          {StardogDoc},
}

@Misc{hid-sp18-405-wwwoverview-nifi,
  title =        {Apache NiFi Overview},
  howpublished = {Web Page},
  note =         {Accessed: 2018-01-28},
  key =          {NiFiOverview},
  owner =        {hid-sp18-405},
  url =
                  {https://nifi.apache.org/docs/nifi-docs/html/overview.html},
}

@Misc{hid-sp18-406-AlibabaCloud,
  author =       {Alibaba Group},
  title =        {Alibaba Cloud},
  howpublished = {Web Page},
  timestamp =    {2018-02-25},
  Url =
                  {https://www.alibabacloud.com/about?spm=a3c0i.7911826.677923.38.4419737ba9UIy6},
}

@Misc{hid-sp18-406-Owncloud,
  author =       {ownCloud},
  title =        {Owncloud for efficient file hosting services},
  howpublished = {Web Page},
  timestamp =    {2018-02-25},
  Url =          {https://en.wikipedia.org/wiki/OwnCloud},
}

@Misc{hid-sp18-406-Rackspace,
  author =       {Rackspace Inc},
  title =        {Rackspace for efficient cloud management services},
  howpublished = {Web Page},
  timestamp =    {2018-02-25},
  Url =          {https://www.rackspace.com/en-us/about},
}

@Misc{hid-sp18-406-Twilio,
  author =       {Twilio},
  title =        {Twilio},
  howpublished = {Web Page},
  timestamp =    {2018-02-25},
  Url =          {https://en.wikipedia.org/wiki/Twilio},
}

@Misc{hid-sp18-407-acm,
  title =        {Apache Spark: A Unified Engine For Big Data
                  Processing},
  howpublished = {web, print},
  url =
                  {https://cacm.acm.org/magazines/2016/11/209116-apache-spark},
}

@Misc{hid-sp18-407-mesos-1,
  title =        {Apache Mesos},
  howpublished = {Web Page},
  url =
                  {https://blogs.apache.org/foundation/entry/the_apache_software_foundation_announces97},
}

@Misc{hid-sp18-407-mesos-2,
  title =        {Apache Mesos},
  howpublished = {Online},
  url =
                  {http://people.csail.mit.edu/matei/papers/2011/nsdi_mesos.pdf},
}

@Misc{hid-sp18-407-mlib-1,
  title =        {Apache Spark MLib},
  howpublished = {Web Page},
  url =
                  {https://stanford.edu/~rezab/sparkworkshop/slides/xiangrui.pdf},
}

@Misc{hid-sp18-407-mysql,
  title =        {MySQL},
  howpublished = {Web Page},
  url =          {https://en.wikipedia.org/wiki/MySQL},
}

@Misc{hid-sp18-407-nosql,
  title =        {NoSQL},
  howpublished = {Paperback},
  url =          {http://sty-spark.s3-website-us-east-1.amazonaws.com},
}

@Misc{hid-sp18-407-spark-Aven,
  title =        {Apache Spark},
  howpublished = {Paperback},
  url =          {http://sty-spark.s3-website-us-east-1.amazonaws.com},
}

@Misc{hid-sp18-407-sparkhadoop,
  title =        {Apache Spark and Hadoops HDFS: Working Together},
  howpublished = {Web Page},
  url =
                  {https://databricks.com/blog/2014/01/21/Spark-and-Hadoop.html},
}

@Misc{hid-sp18-408-IBMBigReplicate,
  author =       {IBM},
  title =        {IBM Big Replicate},
  howpublished = {Web Page},
  timestamp =    {2018-02-18},
  Url =          {https://www.ibm.com/us-en/marketplace/big-replicate},
}

@Misc{hid-sp18-408-IBMDB2BigSql,
  author =       {IBM},
  title =        {IBM DB2 Big Sql},
  howpublished = {Web Page},
  timestamp =    {2018-02-18},
  Url =          {https://www.ibm.com/us-en/marketplace/big-sql},
}

@Misc{hid-sp18-408-JelasticWiki,
  author =       {Jelastic},
  title =        {Jelastic},
  howpublished = {Web Page},
  timestamp =    {2018-02-18},
  Url =          {https://jelastic.com/},
}

@Misc{hid-sp18-408-TeradataIntellibase,
  author =       {Teradata},
  title =        {Teradata Intellibase},
  howpublished = {Web Page},
  timestamp =    {2018-02-18},
  Url =
                  {https://www.teradata.com/products-and-services/intellibase/},
}

@Misc{hid-sp18-408-TeradataKylo,
  author =       {Teradata},
  title =        {Teradata Kylo},
  howpublished = {Web Page},
  timestamp =    {2018-02-18},
  Url =          {https://kylo.io/index.html},
}

@Misc{hid-sp18-409-www-databrick-doc,
  author =       {Microsoft},
  title =        {What is Azure Databricks},
  howpublished = {Web Page},
  timestamp =    {2018-01-2},
  Url =          {
                  https://docs.microsoft.com/en-us/azure/azure-databricks/what-is-azure-databricks}
}

@Misc{hid-sp18-409-www-databricks,
  author =       {Microsoft},
  title =        {Microsoft Azure Databricks},
  howpublished = {Web Page},
  timestamp =    {2018-02-03},
  Url =          {https://databricks.com/product/azure}
}

@Misc{hid-sp18-409-www-firebase,
  author =       {Google},
  title =        {Firebase expands to become unified app platform},
  howpublished = {Web Page},
  timestamp =    {2016-05},
  Url =
                  {https://firebase.googleblog.com/2016/05/firebase-expands-to-become-unified-app-platform.html
                  }
}

@Misc{hid-sp18-409-www-firebase-merged,
  author =       { Google},
  title =        {GCM and FCM Frequently Asked Questions},
  howpublished = {Web Page},
  timestamp =    {2018-02-03},
  Url =          { https://developers.google.com/cloud-messaging/faq}
}

@Misc{hid-sp18-409-www-firebase-official,
  author =       {Google},
  title =        {Firebase expands to become unified app platform},
  howpublished = {Web Page},
  timestamp =    {2018-02-03},
  Url =          {https://firebase.googleblog.com }
}

@Misc{hid-sp18-409-www-firepad,
  author =       { Google},
  title =        { Real-time collaboration with no server code},
  howpublished = {Web Page},
  timestamp =    {2018-02-03},
  Url =          { https://firepad.io/}
}

@Misc{hid-sp18-409-www-firepad-wikipedia,
  author =       {Firepad, Inc},
  title =        {Open source collaborative online editor},
  howpublished = {Web Page},
  timestamp =    {2016-12-18},
  Url =          {http://texteditors.org/cgi-bin/wiki.pl?Firepad}
}

@Misc{hid-sp18-409-www-instabug,
  author =       {Instabug},
  title =        {In-App Feedback and Bug Reporting for Mobile Apps},
  howpublished = {Web Page},
  timestamp =    {2018-02-04},
  Url =          { https://instabug.com/}
}

@Misc{hid-sp18-409-www-instabug-wikipedia,
  author =       {Instabug},
  title =        {Description about Instabug},
  howpublished = {Web Page},
  timestamp =    {2018-02-04},
  Url =          {https://en.wikipedia.org/wiki/Instabug}
}

@Misc{hid-sp18-409-www-pubnub,
  author =       {PubNub},
  title =        {PubNub Data Stream Network},
  howpublished = {Web Page},
  timestamp =    {2018-02-04},
  Url =          {https://www.pubnub.com/}
}

@Misc{hid-sp18-409-www-pubnub-wikipedia,
  author =       {Wikipedia},
  title =        {Description about PubNub},
  howpublished = {Web Page},
  timestamp =    {2018-02-04},
  Url =          {https://en.wikipedia.org/wiki/PubNub}
}

@Misc{hid-sp18-410-Amazon-Redshift,
  author =       {AWS},
  title =        {Amazon Redshift fast and efficient data warehousing},
  howpublished = {Web Page},
  timestamp =    {2018-02-02},
  Url =          {https://aws.amazon.com/redshift/},
}

@Misc{hid-sp18-410-AmazonWiki,
  author =       {AWS},
  title =        {Amazon Redshift},
  howpublished = {Web Page},
  timestamp =    {2018-02-02},
  Url =          {https://en.wikipedia.org/wiki/Amazon_Redshift},
}

@Misc{hid-sp18-410-ELK-Home-Page,
  author       = {ELK},
  title        = {:o: FIX ENTRY},
  howpublished = {Web Home Page},
  year         = {2015},
  url          = {https://www.elastic.co/elk-stack},
}

@Misc{hid-sp18-410-Intel,
  title =        {path to smarter technology},
  url =          {https://https://www.intelcloudfinder.com/},
  howpublished = {Web Page},
  datetime =     {2018-02-15}
}

@Misc{hid-sp18-410-edge,
  title =        {Optimizing cloud computing on mobile},
  url =          {https://en.wikipedia.org/wiki/Edge_computing},
  howpublished = {Web Page},
  datetime =     {2018-02-15}
}

@Misc{hid-sp18-410-wikiCloudlet,
  title =        {Cloudlet vs Cloud},
  author =       {CMU},
  year =         2018,
  url =          {https://en.wikipedia.org/wiki/Cloudlet},
}

@Misc{hid-sp18-411-amazonelasticbeanstalk,
  title =        {Amazon Elastic Beanstalk},
  howpublished = {Web},
  timestamp =    {2018-02-26},
  url =          {https://aws.amazon.com/elasticbeanstalk/}
}

@Misc{hid-sp18-411-apachemahout,
  title =        {Apache Mahout},
  howpublished = {Web},
  timestamp =    {2018-02-26},
  url =          {https://mahout.apache.org/}
}

@Misc{hid-sp18-411-skytap,
  title =        {Skytap},
  howpublished = {Web},
  timestamp =    {2018-02-26},
  url =          {https://www.skytap.com/}
}

@Misc{hid-sp18-412-Apache_Atlas_architecture,
  title =        {Apache Atlas Architecture},
  howpublished = {Web Page},
  timestamp =    {2018-02-24},
  url =          {https://atlas.apache.org/Architecture.html},
}

@Misc{hid-sp18-412-Apache_Atlas_by_Maven,
  title =        {Apache Atlas},
  howpublished = {Web Page},
  timestamp =    {2018-02-04},
  url =          { http://atlas.apache.org/},
}

@Misc{hid-sp18-412-century_link_appfog,
  title =        {AppFog},
  howpublished = {Web Page},
  timestamp =    {2018-02-18},
  url =          { https://www.ctl.io/appfog/},
}

@Misc{hid-sp18-412-git_appscale,
  title =        {AppScale Git},
  howpublished = {Web-Github.com},
  timestamp =    {2018-02-13},
  url =          {https://github.com/AppScale/appscale},
}

@Misc{hid-sp18-412-orientDB_by_CallidusCloud,
  title =        {OrientDB},
  howpublished = {Web Page},
  timestamp =    {2018-01-28},
  url =          { http://orientdb.com/orientdb/},
}

@Misc{hid-sp18-412-orientDB_graph,
  title =        {OrientDB},
  howpublished = {Web Page},
  timestamp =    {2018-01-28},
  url =          {https://orientdb.com/graph-database/},
}

@Misc{hid-sp18-412-orientDB_multimodel,
  title =        {OrientDB},
  howpublished = {Web Page},
  timestamp =    {2018-01-28},
  url =          {https://orientdb.com/multi-model-database/},
}

@Misc{hid-sp18-412-orientDB_wiki,
  title =        {OrientDB Wikipedia},
  howpublished = {Web Page},
  timestamp =    {2018-07-01},
  url =          {https://en.wikipedia.org/wiki/OrientDB},
}

@Misc{hid-sp18-412-talend_open_studio,
  title =        {Talend Open Studio for Data Integration},
  howpublished = {Web Page},
  timestamp =    {2018-01-19},
  url =          { https://sourceforge.net/projects/talend-studio/},
}

@Misc{hid-sp18-412-talend_products,
  title =        {Talend Open Source Integration Software},
  howpublished = {Web Page},
  timestamp =    {2018-02-23},
  url =          {
                  https://www.talend.com/products/talend-open-studio/},
}

@Misc{hid-sp18-412-wiki_appscale,
  title =        {AppScale},
  howpublished = {Web Page},
  timestamp =    {2018-02-18},
  url =          { https://en.wikipedia.org/wiki/AppScale},
}

@Misc{hid-sp18-412-zmanda_amanda,
  title =        {Amanda Enterprise},
  howpublished = {Web Page},
  timestamp =    {2018-02-24},
  url =
                  {http://www.zmanda.com/amanda-enterprise-edition.html},
}

@Misc{hid-sp18-412-zmanda_crunchbase,
  title =        {Zmanda},
  howpublished = {Web Page},
  timestamp =    {2018-02-04},
  url =          {https://www.crunchbase.com/organization/zmanda},
}

@Misc{hid-sp18-412-zmanda_webinar,
  title =        {Amanda Enterprise and Zmanda Recovery Manager },
  howpublished = {Web Page},
  timestamp =    {2018-02-04},
  url =          { http://zmanda.com/webinars.html},
}

@Misc{hid-sp18-413-ApacheSpark,
  Title =        {ApacheSpark},
  Author =       {Apache},
  HowPublished = {Web},
  URL =          {https://spark.apache.org},
}

@Misc{hid-sp18-413-Kubernetes,
  Title =        {Kubernetes},
  Author =       {Kubernetes},
  HowPublished = {Web},
  URL =          {https://kubernetes.io},
}

@Misc{hid-sp18-413-Zeppelin,
  Title =        {Zepplin},
  Author =       {packtpub},
  HowPublished = {Web},
  URL =
                  {https://www.packtpub.com/mapt/book/big_data_and_business_intelligence/9781785884696/6/ch06lvl1sec48/introducing-apache-zeppelin}
}

@Misc{hid-sp18-413-clojure,
  Title =        {Clojure},
  Author =       {braveclojure},
  HowPublished = {Web},
  URL =          {https://www.braveclojure.com/concurrency/},
}

@Misc{hid-sp18-413-lisp,
  Title =        {lisp},
  Author =       {Wikipedia},
  HowPublished = {Web},
  URL =
                  {https://en.wikipedia.org/wiki/Lisp_(programming_language)},
}

@Misc{hid-sp18-413-logicalglue,
  Title =        {Logicalglue},
  Author =       {diabarcelona},
  HowPublished = {Web},
  URL =
                  {http://www.diabarcelona.com/logical-glue-online-innovative-predictive-analytics-for-financial-services/}
}

@Misc{hid-sp18-413-paxata-a,
  Title =        {Paxata},
  Author =       {Paxata},
  HowPublished = {Web},
  URL =
                  {https://www.paxata.com/product/self-service-data-prep/},
}

@Misc{hid-sp18-413-paxata-b,
  Title =        {Paxata},
  Author =       {kdnuggets},
  HowPublished = {Web},
  URL =
                  {https://www.kdnuggets.com/2014/03/paxata-automates-data-preparation-for-big-data-analytics.html},
}

@Misc{hid-sp18-413-puppet-a,
  Title =        {Puppet},
  Author =       {Puppet},
  HowPublished = {Web},
  URL =
                  {https://puppet.com/blog/managing-kubernetes-configuration-puppet},
}

@Misc{hid-sp18-413-puppet-b,
  Title =        {Puppet},
  Author =       {Wikipedia},
  HowPublished = {Web},
  URL =          {https://en.wikipedia.org/wiki/Puppet_ (software)},
}

@Misc{hid-sp18-413-weka,
  Title =        {Weka},
  Author =       {machinelearningmastery},
  HowPublished = {Web},
  URL =
                  {https://machinelearningmastery.com/what-is-the-weka-machine-learning-workbench/},
}

@Misc{hid-sp18-414-Active_Status_Iroha,
  title =        {Hyperledger Iroha Graduates to Active Status},
  howpublished = {Web Page},
  Url =
                  {https://www.hyperledger.org/blog/2017/05/22/hyperledger-iroha-graduates-to-active-status},
  timestamp =    {02/05/2018}
}

@Misc{hid-sp18-414-Behlendorf,
  title =        {What's the Difference Between the 5 Hyperledger
                  Blockchain Projects?},
  howpublished = {Web Page},
  Url =
                  {https://www.sdxcentral.com/articles/news/whats-the-difference-between-the-5-hyperledger-blockchain-projects/2017/09/},
  timestamp =    {02/05/2018}
}

@Misc{hid-sp18-414-Behlendorf_Interview,
  title =        {Fabric 1.0: Hyperledger Releases First
                  Production-Ready Blockchain Software},
  howpublished = {Web Page},
  Url =
                  {https://www.coindesk.com/fabric-1-0-hyperledger-releases-first-production-ready-blockchain-software/},
  timestamp =    {02/05/2018}
}

@Misc{hid-sp18-414-Hyperledger_Burrow,
  title =        {Hyperledger Burrow},
  howpublished = {Web Page},
  Url =
                  {https://www.hyperledger.org/projects/hyperledger-burrow
                  },
  timestamp =    {02/05/2018}
}

@Misc{hid-sp18-414-Hyperledger_Fabric,
  title =        {Hyperledger Fabric},
  howpublished = {Web Page},
  Url =          {https://hyperledger.org/projects/fabric},
  timestamp =    {02/05/2018}
}

@Misc{hid-sp18-414-Hyperledger_Indy,
  title =        {Hyperledger Indy},
  howpublished = {Web Page},
  Url =
                  {https://www.hyperledger.org/projects/hyperledger-indy},
  timestamp =    {02/05/2018}
}

@Misc{hid-sp18-414-Hyperledger_Iroha,
  title =        {Hyperledger Iroha},
  howpublished = {Web Page},
  Url =          {https://www.hyperledger.org/projects/iroha},
  timestamp =    {02/05/2018}
}

@Misc{hid-sp18-414-Hyperledger_Sawtooth,
  title =        {Hyperledger Sawtooth},
  howpublished = {Web Page},
  Url =          {https://hyperledger.org/projects/sawtooth},
  timestamp =    {02/05/2018}
}

@Misc{hid-sp18-414-Linux_Foundation_Sawtooth,
  title =        {Hyperledger Releases Hyperledger Sawtooth 1.0},
  howpublished = {Web Page},
  Url =
                  {https://www.linuxfoundation.org/press-release/hyperledger-releases-hyperledger-sawtooth-1-0},
  timestamp =    {02/05/2018}
}

@Misc{hid-sp18-414-Windley,
  title =        {Guest post: Phillip J. Windley, Ph.D., Chair, Sovrin
                  Foundation},
  howpublished = {Web Page},
  Url =
                  {https://www.hyperledger.org/blog/2017/05/02/hyperledger-welcomes-project-indy},
  timestamp =    {02/05/2018}
}

@Misc{hid-sp18-415-app-engine,
  author =       {Google},
  title =        {Google Cloud Platform},
  Howpublished = {Webpage},
  year =         2018,
  url =
                  {https://cloud.google.com/appengine/docs/the-appengine-environment},
}

@Misc{hid-sp18-415-cloud-google,
  author =       {Google},
  title =        {Compute Engine},
  howpublished = {Webpage},
  year =         2018,
  url =          {https://cloud.google.com/compute},
}

@Misc{hid-sp18-415-how-heroku-works,
  author =       {Heroku Dev Center},
  title =        {How Heroku Works},
  howpublished = {Webpage},
  year =         2018,
  url =
                  {https://devcenter.heroku.com/articles/how-heroku-works},
}

@Misc{hid-sp18-415-wiki-heroku,
  author =       {Google},
  title =        {Heroku},
  howpublished = {Webpage},
  year =         2017,
  url =          {https://en.wikipedia.org/wiki/Heroku},
}

@Misc{hid-sp18-415-wikipedia-org,
  author =       {Wikipedia Contributors},
  title =        {Microsoft Visual Studio- Wikipedia The Free
                  Encyclopedia},
  howpublished = {Webpage},
  year =         2018,
  url =
                  {https://en.wikipedia.org/w/index.php?title=Microsoft_Visual_Studio},
}

@Misc{hid-sp18-415-www-cloud-goggle,
  author =       {Google},
  title =        {Google Cloud Platform},
  Howpublished = {Webpage},
  year =         2018,
  url =
                  {https://cloud.google.com/appengine/docs/the-appengine-environments},
}

@Misc{hid-sp18-415-www-heroku,
  author =       {HEROKU},
  title =        {Heroku},
  howpublished = {Webpage},
  year =         2018,
  url =          { https://www.heroku.com},
}

@Misc{hid-sp18-415-www-pivotal,
  author =       {vmware},
  title =        {Pivotal RabbitMQ VMware Products},
  howpublished = {Webpage},
  year =         2018,
  url =
                  {https://www.vmware.com/products/pivotal-rabbitmq.html},
}

@Misc{hid-sp18-415-www-scalabitity,
  author =       {John Lowry},
  title =        {Designing for Scale},
  Howpublished = {Webpage},
  year =         2017,
  Timestamp =    {February 2017},
  url =
                  {https://cloud.google.com/appengine/articles/scalability},
}

@Misc{hid-sp18-416-github-siddhi,
  author =       {WSO2},
  title =        {Stream Processing and Complex Event Processing
                  Engine},
  howpublished = {Code Repository},
  note =         {Accessed: 3-feb-2018},
  url =          {https://github.com/wso2/siddhi}
}

@Misc{hid-sp18-416-www-about-druid,
  author =       {Druid},
  title =        {About Druid},
  howpublished = {Web Page},
  url =          {http://druid.io/druid.html}
}

@Misc{hid-sp18-416-www-aql-blog,
  Author =       {Steemann, Jan},
  title =        {AQL: Querying a nosql database the elegant and
                  comfortable way},
  howpublished = {Blog},
  note =         {Accessed: 3-feb-2018},
  year =         2012,
  month =        jun,
  url =
                  {https://www.arangodb.com/2012/06/querying-a-nosql-database-the-elegant-way/}
}

@Misc{hid-sp18-416-www-arangodb,
  Author =       {{ArangoDB}},
  Title =        {Why ArangoDB},
  Howpublished = {Web Page},
  Url =          {https://www.arangodb.com/why-arangodb/}
}

@Misc{hid-sp18-416-www-business-benefits-analytics,
  author =       {WSO2},
  title =        {[Article] Six Business Benefits of Smart Analytics},
  howpublished = {Web Page},
  year =         2017,
  month =        feb,
  url =
                  {https://wso2.com/library/articles/2017/02/six-business-benefits-of-smart-analytics/}
}

@Misc{hid-sp18-416-www-druid-wikipedia,
  key =          {Druid},
  title =        {Druid (open-source data store)},
  howpublished = {Web Page},
  url =
                  {https://en.wikipedia.org/wiki/Druid_(open-source_data_store)}
}

@Misc{hid-sp18-416-www-fast-dataanalytics-druid-blog,
  author =       {Tro\ss bach, Florian},
  note =         {Accessed: 3-feb-2018},
  title =        {Real Time Fast Data Analytics with Druid},
  howpublished = {Blog},
  year =         2016,
  month =        aug,
  url =
                  {https://blog.codecentric.de/en/2016/08/realtime-fast-data-analytics-druid/}
}

@Misc{hid-sp18-416-www-graphdb-blog,
  author =       {Walker, Aaron},
  title =        {Best, free and open-source database software},
  howpublished = {Blog},
  note =         {Accessed: 3-feb-2018},
  year =         2017,
  month =        dec,
  url =
                  {https://blog.g2crowd.com/blog/database/best-free-and-open-source-database-software#arangodb}
}

@Misc{hid-sp18-416-www-monetdb-dutch,
  author =       {Bakker, Jasper},
  title =        {Dutch database design drives practical innovation},
  howpublished = {Web Page},
  year =         2017,
  month =        jul,
  url =
                  {http://www.computerweekly.com/news/450422330/Dutch-database-design-drives-practical-innovation}
}

@Misc{hid-sp18-416-www-monetdb-features,
  author =       {MonetDB},
  title =        {Column store features},
  howpublished = {Web Page},
  url =
                  {https://www.monetdb.org/content/column-store-features}
}

@Misc{hid-sp18-416-www-monetdb-mongodb-comparison,
  author =       {DB-ENGINES},
  title =        {System Properties Comparison MonetDB vs MongoDB},
  howpublished = {Web Page},
  url =          {https://db-engines.com/en/system/MonetDB;MongoDB}
}

@Misc{hid-sp18-416-www-morpheus-product-guide,
  author =       {Morpheus},
  title =        {Unified Ops Orchestration},
  howpublished = {Web Page},
  year =         2017,
  url =
                  {https://assets.morpheusdata.com/SpudMedia/1439/attachment/Morpheus\%20Product\%20Sheet\%202017_v4_original.pdf}
}

@Misc{hid-sp18-416-www-soa-governance-wikipedia,
  key =          {SOA Governance},
  title =        {SOA Governance},
  howpublished = {Web Page},
  url =          {https://en.wikipedia.org/wiki/SOA_governance}
}

@Misc{hid-sp18-416-www-srinath-conference-talk,
  author =       {WSO2},
  title =        {[WSO2Con USA 2017] Driving Insights for Your Digital
                  Business With Analytics},
  howpublished = {Web Page},
  year =         2017,
  month =        mar,
  url =
                  {https://wso2.com/library/conference/2017/2/wso2con-usa-2017-deriving-insights-for-your-digital-business-with-analytics/}
}

@Misc{hid-sp18-416-www-wso2-stream-processor,
  author =       {WSO2},
  title =        {WSO2 Analytics - Features},
  howpublished = {Web Page},
  url =          {https://wso2.com/analytics/features}
}

@Misc{hid-sp18-417-cloudstack-scaling,
  title =        {Apache Scalability },
  howpublished = {Web Page},
  Url =
                  {http://tutoriaisgnulinux.com/2015/06/08/_cloudstack-4-5-centos-6-5-conceitos-basicos-e-ambiente-de-estudo-1-1/},
}

@Misc{hid-sp18-417-doc-Ansible,
  title =        {Ansible},
  howpublished = {Web Page},
  Url =
                  {http://docs.ansible.com/ansible/latest/dev_guide/overview_architecture.html},
}

@Misc{hid-sp18-417-opennebula-deployment,
  title =        {Opennebula Deployment Model},
  howpublished = {Web Page},
  Url =          {
                  https://en.wikipedia.org/wiki/OpenNebula#/media/File:OpenNebula_Deployment_Model.png},
}

@Misc{hid-sp18-417-opennebula-wiki,
  title =        {Opennebula },
  howpublished = {Web Page},
  Url =          { https://en.wikipedia.org/wiki/OpenNebula},
}

@Misc{hid-sp18-417-openrefine,
  title =        {OpenRefine usability},
  howpublished = {Web Page},
  Url =
                  {https://www.computerworld.com/article/2507728/enterprise-applications/enterprise-applications-22-free-tools-for-data-visualization-and-analysis.html?page=2},
}

@Misc{hid-sp18-417-wiki-cloudStack,
  title =        {Apache CloudStack },
  howpublished = {Web Page},
  Url =          { https://en.wikipedia.org/wiki/Apache_CloudStack},
}

@Misc{ hid-sp18-417-wiki-deltacloud,
  title =        {Apache DeltaCloud},
  howpublished = {Web Page},
  Url =          { https://en.wikipedia.org/wiki/Deltacloud },
}

@Misc{hid-sp18-418-AtomSphere-features,
  title =        {AtomSphere},
  howpublished = {Web},
  timestamp =    {2018-02-26},
  url =          {https://boomi.com/integration/enterprise-features},
}

@Misc{hid-sp18-418-CloudHub-docs,
  title =        {CloudHub},
  howpublished = {Web},
  timestamp =    {2018-02-26},
  url =          {https://docs.mulesoft.com/runtime-manager/cloudhub},
}

@Misc{hid-sp18-418-RightScale-Cloud-Management-article,
  title =        {RightScale Cloud Management},
  howpublished = {Web},
  timestamp =    {2018-02-26},
  url =
                  {https://www.networkworld.com/article/2164791/cloud-computing},
}

@Misc{hid-sp18-418-Sales-Cloud-features,
  title =        {SalesCloud},
  howpublished = {Web},
  timestamp =    {2018-02-26},
  url =
                  {https://www.salesforce.com/products/sales-cloud/features},
}

@Misc{hid-sp18-418-Teradata-Intelliflex-features,
  title =        {Teradata Intelliflex},
  howpublished = {Web},
  timestamp =    {2018-02-26},
  url =
                  {https://www.teradata.com/products-and-services/intelliflex-features},
}

@Misc{hid-sp18-419-die2015datascience,
  author =       {Dietrich, David and Heller, Barry and Yang, Biebie},
  title =        {Data Science \& Big Data Analytics: Discovering,
                  Analyzing, Visualizing and Presenting Data},
  year =         2015,
  __markedentry ={[bsobolik:6]},
  publisher =    {EMC Education Services, John Wiley \&Sons, Inc},
}

@Misc{hid-sp18-419-elasticbeanstalk,
  title =        {AWS Elastic Beanstalk},
  howpublished = {Web Page},
  timestamp =    {2018-01-28},
  url =          {https://aws.amazon.com/elasticbeanstalk/},
}

@Misc{hid-sp18-419-wikipedia-elasticbeanstalk,
  title =        {Wikipedia: AWS Elastic Beanstalk},
  howpublished = {Web Page},
  timestamp =    {2018-01-28},
  url =          {https://en.wikipedia.org/wiki/AWS_Elastic_Beanstalk},
}

@Misc{hid-sp18-419-www-about-nix,
  title =        {About NixOS},
  howpublished = {Web page},
  timestamp =    {2018-02-26},
  url =          {https://nixos.org/nixos/about.html},
}

@Misc{hid-sp18-419-www-about-plan9,
  title =        {Plan 9 from Bell Labs},
  howpublished = {Web Page},
  timestamp =    {2018-01-28},
  url =          {http://plan9.bell-labs.com/plan9/about.html},
}

@Misc{hid-sp18-419-www-aws-neptune,
  title =        {Amazon Neptune},
  howpublished = {Web Page},
  timestamp =    {2018-02-03},
  url =          {https://aws.amazon.com/neptune/},
}

@Misc{hid-sp18-419-www-cio-sdn-nfv,
  author =       {Ed Tittel},
  title =        {CIO Magazine: Understanding How SDN and NFV Can Work
                  Together},
  howpublished = {Web Page},
  month =        jan,
  year =         2014,
  timestamp =    {2018-01-28},
  url =
                  {https://www.cio.com/article/2379216/business-analytics/understanding-how-sdn-and-nfv-can-work-together.html},
}

@Misc{hid-sp18-419-www-cisco2017vni,
  title =        {Cisco Visual Networking Index: Forecast and
                  Methodology, 2016-2021},
  howpublished = {Web Page},
  month =        sep,
  year =         2017,
  note =         {Cisco VNI Forecast},
  url =
                  {https://www.cisco.com/c/en/us/solutions/collateral/service-provider/visual-networking-index-vni/complete-white-paper-c11-481360.html},
}

@Misc{hid-sp18-419-www-clive-lsub,
  title =        {Clive Web site},
  howpublished = {Web Page},
  timestamp =    {2018-01-28},
  url =          {http://lsub.org/ls/clive.html},
}

@Misc{hid-sp18-419-www-clive-lsub2014,
  author =       {Francisco J. Ballesteros},
  title =        {The Clive Operating System},
  howpublished = {Web Page},
  month =        oct,
  year =         2014,
  timestamp =    {2018-01-28},
  url =          {http://lsub.org/export/clivesys.pdf},
}

@Misc{hid-sp18-419-www-dezyre-pig,
  title =        {Difference between Pig and Hive-The Two Key
                  Components of Hadoop Ecosystem},
  howpublished = {Web Page},
  month =        oct,
  year =         2014,
  timestamp =    {2018-02-03},
  url =
                  {https://www.dezyre.com/article/difference-between-pig-and-hive-the-two-key-components-of-hadoop-ecosystem/79},
}

@Misc{hid-sp18-419-www-hc-wiki,
  author =       {Lefty Levenenz and Andrew Sears},
  title =        {HCatalog},
  howpublished = {Web (Confluence)},
  month =        jan,
  year =         2016,
  timestamp =    {2018-02-03},
  url =
                  {https://cwiki.apache.org/confluence/display/Hive/HCatalog},
}

@Misc{hid-sp18-419-www-opendaylight,
  title =        {OpenDaylight Web site},
  howpublished = {Web Page},
  timestamp =    {2018-01-28},
  url =          {https://www.opendaylight.org},
}

@Misc{hid-sp18-419-www-pig,
  title =        {Welcome to Apache Pig},
  howpublished = {Web Page},
  timestamp =    {2018-02-03},
  url =          {https://pig.apache.org/},
}

@Misc{hid-sp18-419-www-sdx-odl,
  title =        {SDX Central: What is the OpenDaylight Project
                  (ODL)?},
  howpublished = {Web Page},
  timestamp =    {2018-01-28},
  url =
                  {https://www.sdxcentral.com/sdn/definitions/opendaylight-project/},
}

@Misc{hid-sp18-419-www-tc_neptune,
  author =       {Romain Dillet},
  title =        {Amazon introduces an AWS graph database service
                  called Amazon Neptune},
  howpublished = {Web Page},
  month =        nov,
  year =         2017,
  timestamp =    {2018-02-03},
  url =
                  {https://techcrunch.com/2017/11/29/amazon-introduces-an-aws-graph-database-service-called-amazon-neptune/},
}

@Misc{hid-sp18-419-www-tp-graph-db,
  title =        {Graph Database},
  howpublished = {Web Page},
  timestamp =    {2018-02-03},
  url =
                  {https://www.techopedia.com/definition/30577/graph-database},
}

@Misc{hid-sp18-420-Amazon-Glacier,
  author =       {AWS},
  title =        {Amazon Glacier},
  howpublished = {Web Page},
  timestamp =    {2018-02-24},
  Url =          { https://aws.amazon.com/glacier/},
}

@Misc{hid-sp18-420-Amazon-Glacier-FAQ,
  author =       {AWS},
  title =        {Amazon Glacier FAQs},
  howpublished = {Web Page},
  timestamp =    {2018-02-24},
  Url =          { https://aws.amazon.com/glacier/faqs/},
}

@Misc{hid-sp18-420-PostgreSQL_About,
  title =        {About PostgreSQL},
  howpublished = {Web Page},
  timestamp =    {2018-02-05},
  url =          {https://www.postgresql.org/about/}
}

@Misc{hid-sp18-420-PostgreSQL_History,
  title =        {PostgreSQL History},
  howpublished = {Web Page},
  timestamp =    {2018-02-05},
  url =          {https://www.postgresql.org/about/history/}
}

@Misc{hid-sp18-420-PostgreSQL_Wiki,
  title =        {PostgreSQL Wiki},
  howpublished = {Web Page},
  timestamp =    {2018-02-05},
  url =          {https://en.wikipedia.org/wiki/PostgreSQL}
}

@Misc{hid-sp18-420-amazon-RDS,
  author =       {AWS},
  title =        {Amazon RDS},
  howpublished = {Web Page},
  timestamp =    {2018-02-02},
  Url =          {https://aws.amazon.com/rds/},
}

@Misc{hid-sp18-420-amazon-RDS-FAQ,
  author =       {AWS},
  title =        {Amazon RDS FAQs},
  howpublished = {Web Page},
  timestamp =    {2018-02-02},
  Url =          {https://aws.amazon.com/rds/faqs/},
}

@Misc{hid-sp18-420-amazon-S3,
  author =       {AWS},
  title =        {Amazon S3},
  howpublished = {Web Page},
  timestamp =    {2018-02-02},
  Url =          {https://aws.amazon.com/s3/},
}

@Misc{hid-sp18-420-amazon-S3-FAQ,
  author =       {AWS},
  title =        {Amazon S3 FAQs},
  howpublished = {Web Page},
  timestamp =    {2018-02-02},
  Url =          {https://aws.amazon.com/s3/faqs/},
}

@Misc{hid-sp18-420-amazon-elastic-beanstalk,
  Title =        {AWS ELastic Beanstalk},
  Author =       {AWS},
  howpublished = {Web Page},
  Timestamp =    {2018.02.20},
  Url =          {https://aws.amazon.com/elasticbeanstalk/}
}

@Misc{hid-sp18-420-amazon-elastic-beanstalk-FAQ,
  Title =        {AWS ELastic Beanstalk FAQs},
  Author =       {AWS},
  howpublished = {Web Page},
  Timestamp =    {2018.02.20},
  Url =          { https://aws.amazon.com/elasticbeanstalk/faqs/}
}

@Misc{hid-sp18-421-AvroCloud,
  title =        {Apache Avro},
  howpublished = {Web Page},
  timestamp =    {2018-02-18},
  url =          {http://avro.apache.org/docs/1.8.2/},
}

@Misc{hid-sp18-421-BigTopCloud,
  title =        {Apache BigTop},
  howpublished = {Web Page},
  timestamp =    {2018-02-18},
  url =          {http://bigtop.apache.org},
}

@Misc{hid-sp18-421-whirrCloud,
  title =        {Apache Whirr},
  howpublished = {Web Page},
  timestamp =    {2018-02-18},
  url =
                  {https://www.packtpub.com/mapt/book/big_data_and_business_intelligence/9781782168294/10/ch10lvl1sec81/introducing-apache-whirr},
}

@Misc{hid-sp18-421-zookeeper,
  title =        {Apache Zookeeper},
  howpublished = {Web Page},
  timestamp =    {2018-02-18},
  url =          {https://www.ibm.com/analytics/hadoop/zookeeper},
}

@Misc{hid-sp18-501-ApacheIgnite,
  author =       {Blogs.Apache},
  title =        {Database and Caching Platform},
  howpublished = {Web Page},
  year =         2017,
  url =          {https://ignite.apache.org/},
}

@Misc{hid-sp18-501-CosmosDB,
  author =       {Microsoft Corporation},
  title =        {Microsoft Azure Blog: Azure Cosmos DB: The
                  industry's first globally-distributed, multi-model
                  database service},
  year =         2017,
  url =
                  {https://azure.microsoft.com/en-us/blog/azure-cosmos-db-microsofts-globally-distributed-multi-model-database-service/},
}

@Misc{hid-sp18-501-GoogleCP_BQ,
  author =       {Google},
  editor =       {Google Cloud Platform},
  title =        {Google BigQuery},
  url =          {http://bit.ly/2rGKRe2},
}

@Misc{hid-sp18-501-GridGain,
  author =       {GridGain Whitepapers},
  title =        {Introducing Apache Ignite: A GridGain Systems
                  In-Memory Computing White Paper},
  howpublished = {Web Page},
  year =         2018,
  note =         {editor=GridGain Systems},
  url =
                  {https://www.gridgain.com/resources/papers/introducing-apache-ignite},
}

@Misc{hid-sp18-501-OracleCloud,
  author =       {Oracle},
  title =        {Delivering Hadoop, Spark and Data Science with
                  Oracle Security and Cloud Simplicity},
  url =          {https://cloud.oracle.com/en_US/big-data},
}

@Misc{hid-sp18-501-RedGate,
  author =       {Mike Wood},
  title =        {An Introduction to Windows Azure BLOB Storage},
  year =         2013,
  url =
                  {https://www.red-gate.com/simple-talk/cloud/cloud-data/an-introduction-to-windows-azure-blob-storage/},
}

@Misc{hid-sp18-501-Stackify,
  author =       {Stackify},
  title =        {What is Azure Cosmos DB? Features, Benefits,
                  Pricing, and More},
  year =         2017,
  url =          {https://stackify.com/what-is-azure-cosmos-db/},
}

@Misc{hid-sp18-501-TechTarget,
  author =       {TechTarget Network},
  title =        {Google BigQuery},
  url =
                  {http://searchdatamanagement.techtarget.com/definition/Google-BigQuery},
}

@Misc{hid-sp18-502-ApacheCouchDB,
  author =       {Apache Couch DB},
  title =        {Data Where You Need It},
  howpublished = {Web Page},
  timestamp =    {2018-02-25},
  Url =          {http://couchdb.apache.org},
}

@Misc{hid-sp18-502-GoogleCloudBigtable,
  author =       {Google},
  title =        {CLOUD BIGTABLE},
  howpublished = {Web Page},
  timestamp =    {2018-02-25},
  Url =          {https://cloud.google.com/bigtable/},
}

@Misc{hid-sp18-502-Presto,
  author =       {Presto},
  title =        {Presto Distributed SQL Engine for Big Data},
  howpublished = {Web Page},
  timestamp =    {2018-02-25},
  Url =          {https://prestodb.io},
}

@Misc{hid-sp18-502-RapidMiner,
  author =       {RapidMiner},
  title =        {RapidMiner},
  howpublished = {Web Page},
  timestamp =    {2018-02-25},
  Url =          {https://en.wikipedia.org/wiki/RapidMiner},
}

@Misc{hid-sp18-502-Talend,
  author =       {Talend},
  title =        {Talend},
  howpublished = {Web Page},
  timestamp =    {2018-02-25},
  Url =          {https://www.talend.com},
}

@Misc{hid-sp18-503-www-carbondata-docs,
  Title =        {CarbonData File Structure},
  Author =       {CarbonData},
  HowPublished = {Apache carbondata website},
  Year =         2017,
  Owner =        {arnav},
  Timestamp =    {2018.02.16},
  Url =
                  {https://carbondata.apache.org/file-structure-of-carbondata.html}
}

@Misc{hid-sp18-503-www-carbondata-mgmt,
  Title =        {CarbonData Data Management},
  Author =       {CarbonData},
  HowPublished = {Apache carbondata website},
  Year =         2017,
  Owner =        {arnav},
  Timestamp =    {2018.02.16},
  Url =
                  {https://carbondata.apache.org/data-management-on-carbondata.html}
}

@Misc{hid-sp18-503-www-edgent,
  author       = {Edgent},
  title        = {:o: FIX ENTRY},
  howpublished = {Apache edgent website},
  year         = {2017},
  owner        = {arnav},
  timestamp    = {2018.02.16},
  url          = {http://edgent.apache.org/},
}

@Misc{hid-sp18-503-www-edgent-docs,
  Title =        {Apache Edgent Documentation},
  Author =       {Apache Edgent},
  HowPublished = {Apache Edgent Website},
  Year =         2017,
  Owner =        {arnav},
  Timestamp =    {2018.02.16},
  Url =          {http://edgent.apache.org/docs/home.html}
}

@Misc{hid-sp18-503-www-gobblin,
  Title =        {Apache Gobblin},
  Author =       {Apache Gobblin},
  HowPublished = {Apache Gobblin Website},
  Year =         2017,
  Owner =        {arnav},
  Timestamp =    {2018.02.19},
  Url =          {http://gobblin.incubator.apache.org/}
}

@Misc{hid-sp18-503-www-gobblin-docs,
  Title =        {Gobblin as a Service},
  Author =       {Abhishek Tiwari},
  HowPublished = {Apache Gobblin Website},
  Month =        {July},
  Year =         2017,
  Owner =        {arnav},
  Timestamp =    {2018.02.19},
  Url =
                  {https://cwiki.apache.org/confluence/display/GOBBLIN/Gobblin+as+a+Service}
}

@Misc{hid-sp18-503-www-gossip,
  Title =        {Apache Gossip},
  Author =       {Apache Gossip},
  HowPublished = {Apache Gossip Website},
  Year =         2017,
  Owner =        {arnav},
  Timestamp =    {2018.02.19},
  Url =          {http://gossip.incubator.apache.org/}
}

@Misc{hid-sp18-503-www-gossip-wiki,
  Title =        {Gossip protocol --- Wikipedia{,} The Free
                  Encyclopedia},
  Author =       {Wikipedia contributors},
  Note =         {[Online; accessed 19-February-2018]},
  Year =         2017,
  Url =
                  {https://en.wikipedia.org/w/index.php?title=Gossip_protocol&oldid=809583854}
}

@Misc{hid-sp18-503-www-milagro,
  Title =        {What is Apache Milagro},
  Author =       {Apache Milagro},
  HowPublished = {Apache Milagro Website},
  Year =         2017,
  Owner =        {arnav},
  Timestamp =    {2018.02.19},
  Url =          {https://milagro.apache.org/}
}

@Misc{hid-sp18-503-www-milagro-docs,
  Title =        {Milagro Documentation},
  Author =       {Apache Milagro},
  HowPublished = {Apache Milagro Website},
  Year =         2017,
  Owner =        {arnav},
  Timestamp =    {2018.02.19},
  Url =          {http://docs.milagro.io/en/}
}

@Misc{hid-sp18-504-bigml,
  author =       {BigML},
  title =        {About BigML},
  howpublished = {Web Page},
  month =        feb,
  year =         2018,
  owner =        {Arshad-Moeen},
  url =          {https://bigml.com/about},
}

@Misc{hid-sp18-504-cloudacad-bigml,
  author =       {Casalboni, Alex},
  title =        {BigML offers a managed platform to build and share
                  your datasets and models},
  howpublished = {Web Page},
  month =        feb,
  year =         2018,
  owner =        {Arshad-Moeen},
  url =
                  {https://cloudacademy.com/blog/bigml-machine-learning/},
}

@Misc{hid-sp18-504-dmtk,
  author =       {Microsoft},
  title =        {Distributed Machine Learning Toolkit},
  howpublished = {Web Page},
  month =        feb,
  year =         2018,
  owner =        {Arshad-Moeen},
  url =          {http://www.dmtk.io/},
}

@Misc{hid-sp18-504-google-datalab,
  author =       {Google},
  title =        {Google Cloud Datalab},
  howpublished = {Web Page},
  month =        feb,
  year =         2018,
  owner =        {Arshad-Moeen},
  url =          {https://cloud.google.com/datalab/},
}

@Misc{hid-sp18-504-knime,
  author =       {KNIME},
  title =        {KNIME Analytics Platform},
  howpublished = {Web Page},
  month =        feb,
  year =         2018,
  owner =        {Arshad-Moeen},
  url =          {https://www.knime.com/knime-analytics-platform},
}

@Misc{hid-sp18-504-msresearch,
  author =       {Thomas Jr., George},
  title =        {Microsoft open sources Distributed Machine Learning
                  Toolkit for more efficient big data research},
  howpublished = {Web Page},
  month =        feb,
  year =         2018,
  owner =        {Arshad-Moeen},
  url =
                  {https://www.microsoft.com/en-us/research/blog/microsoft-open-sources-distributed-machine-learning-toolkit-for-more-efficient-big-data-research/},
}

@Misc{hid-sp18-504-orange,
  author =       {Orange},
  title =        {Data Mining Fruitful and Fun},
  howpublished = {Web Page},
  month =        feb,
  year =         2018,
  owner =        {Arshad-Moeen},
  url =          {https://orange.biolab.si/},
}

@Misc{hid-sp18-504-pred-knime,
  author =       {PredictiveAnalyticsToday},
  title =        {KNIME Analytics Platform},
  howpublished = {Web Page},
  month =        feb,
  year =         2018,
  owner =        {Arshad-Moeen},
  url =          {https://www.predictiveanalyticstoday.com/knime/},
}

@Misc{hid-sp18-504-techcrunch-datalab,
  author =       {Lardinois, Frederic},
  title =        {Google Launches Cloud Datalab, An Interactive Tool
                  For Exploring And Visualizing Data},
  howpublished = {Web Page},
  month =        feb,
  year =         2018,
  owner =        {Arshad-Moeen},
  url =
                  {https://techcrunch.com/2015/10/13/google-launches-cloud-datalab-an-interactive-tool-for-exploring-and-visualizing-data/},
}

@Misc{hid-sp18-504-wiki-orange,
  author =       {Wikipedia},
  title =        {Orange (software)},
  howpublished = {Web Page},
  month =        feb,
  year =         2018,
  owner =        {Arshad-Moeen},
  url =          {https://en.wikipedia.org/wiki/Orange_%28software%29},
}

@Misc{hid-sp18-505-Bank2018,
  Title =        {World Bank Open Data},
  Author =       {The World Bank},
  HowPublished = {Web Page},
  Year =         2018,
  Url =          {https://data.worldbank.org/}
}

@Misc{hid-sp18-505-CFPB2018,
  Title =        {About The Consumer Financial Protection Bureau},
  Author =       {CFPB},
  HowPublished = {Web Page},
  Year =         2018,
  Url =          {https://www.consumerfinance.gov}
}

@Misc{hid-sp18-505-ESRI2018,
  Title =        {ESRI Access and Data Services},
  Author =       {ESRI},
  HowPublished = {Web Page},
  Year =         2018,
  Url =          {https://developers.arcgis.com/content-and-services/}
}

@Misc{hid-sp18-505-GitHub2018,
  Title =        {GitHub Developer | GitHub Developer Guide},
  Author =       {GitHub.com},
  HowPublished = {Web Page},
  Year =         2018,
  Url =          {https://developer.github.com/}
}


@Misc{hid-sp18-505-GraphQL2018,
  Title =        {Introduction to GraphQL},
  Author =       {Facebook Open Source},
  Year =         2018,
  Url =          {http://graphql.org/}
}

@Misc{hid-sp18-505-JSON2018,
  Title =        {JSON},
  Author =       {Wikipedia},
  HowPublished = {Web Page},
  Year =         2018,
  Url =          {https://en.wikipedia.org/wiki/JSON}
}

@Misc{hid-sp18-505-MapBox2018,
  Title =        {About Map Box},
  Author =       {MapBox},
  HowPublished = {Web Page},
  Year =         2018,
  Url =          {https://www.mapbox.com/about/}
}

@Misc{hid-sp18-505-Netflix2018,
  Title =        {Netfilix Open Source Software Center},
  Author =       {Netflix},
  HowPublished = {Web Page},
  Year =         2018,
  Url =          {https://netflix.github.io}
}

@Misc{hid-sp18-505-OpenRefine2018,
  Title =        {OpenRefine},
  Author =       {OpenRefine},
  HowPublished = {Web Page},
  Year =         2018,
  Url =
                  {https://github.com/OpenRefine/OpenRefine/wiki/Data-Sources}
}

@Misc{hid-sp18-505-REST2018,
  Title =        {Representational State Transfer},
  Author =       {Wikipedia},
  HowPublished = {Web Page},
  Year =         2018,
  Url =
                  {https://en.wikipedia.org/wiki/Representational_state_transfer}
}

@Misc{hid-sp18-505-WSDL2018,
  Title =        {Web Services Desciption Language},
  Author =       {Wikipedia},
  HowPublished = {Web Page},
  Year =         2018,
  Url =
                  {https://en.wikipedia.org/wiki/Web_Services_Description_Language}
}

@Misc{hid-sp18-505-Wong2015,
  Title =        {RAD - Outlier Detection on Big Data},
  Author =       {Wong, Jeffery and Colburn, Chris and Meeks, Elijah
                  and Vedaraman, Shankar},
  HowPublished = {Web Page},
  Month =        feb,
  Year =         2015,
  Url =
                  {https://medium.com/netflix-techblog/rad-outlier-detection-on-big-data-d6b0494371cc}
}

@Misc{hid-sp18-506-Blockchain,
  title =        {Blockchain},
  howpublished = {Web Page},
  url =          {https://en.wikipedia.org/wiki/Blockchain}
}

@Misc{hid-sp18-506-EthereumOrg,
  title =        {Ethereum},
  howpublished = {Web Page},
  url =          {https://www.ethereum.org/}
}

@Misc{hid-sp18-506-GlobalPayment,
  title =        {Global Payment},
  howpublished = {Web Page},
  url =          {https://ripple.com/files/ripple_solutions_guide.pdf}
}

@Misc{hid-sp18-506-NoID,
  title =        {ID2020 },
  howpublished = {Web Page},
  url =          {https://en.wikipedia.org/wiki/ID2020}
}

@Misc{hid-sp18-506-RippleNetwork,
  title =        {Ripple},
  howpublished = {Web Page},
  url =          {https://imtconferences.com/ripple/}
}

@Misc{hid-sp18-506-Scikit-learn,
  title =        {Scikit-learn: Machine Learning in Python},
  howpublished = {Web Page},
  url =          {http://jmlr.org/papers/v12/pedregosa11a.html}
}

@Misc{hid-sp18-507-BitcoinNews,
  title =        {Openchain: Enterprise-Ready Blockchain Technology},
  url =
                  {https://news.bitcoin.com/openchain-enterprise-ready-blockchain-technology/},
  howpublished = {Web Page},
  author =       {Jamie Redman},
  datetime =     {2018-03-12}
}

@Misc{hid-sp18-507-CascadingEco,
  title =        {Cascading | Cascading},
  howpublished = {Web Page},
  url =          {https://www.cascading.org/},
  timestamp =    {2018-02-15}
}

@Misc{hid-sp18-507-Coindesk,
  title =        {Coinprism Launches Open Source Distributed Ledger},
  url =
                  {https://www.coindesk.com/coinprism-launches-open-source-distributed-ledger/},
  howpublished = {Web Page},
  author =       {Yessi Bello Perez},
  datetime =     {2018-03-12}
}

@Misc{hid-sp18-507-DBEngines,
  title =        {DB-Engines Ranking - popularity ranking of datamase
                  management systems},
  url =          {https://db-engines.com/en/ranking},
  howpublished = {Web Page},
  datetime =     {2018-03-12}
}

@Misc{hid-sp18-507-ElasticWiki,
  title =        {Elasticsearch - Wikipedia},
  url =          {https://en.wikipedia.org/wiki/Elasticsearch},
  howpublished = {Web Page},
  datetime =     {2018-03-12}
}

@Misc{hid-sp18-507-Elasticsearch,
  title =        {Elasticsearch: RESTful, Distributed Search and
                  Analytics | Elastic},
  url =          {https://www.elastic.co/products/elasticsearch},
  howpublished = {Web Page},
  datetime =     {2018-02-15}
}

@Misc{hid-sp18-507-FBScribe,
  url =          {https://github.com/facebookarchive/scribe},
  datetime =     {2018-02-15},
  howpublished = {Web Page},
  title =        {facebookarchive | scribe}
}

@Misc{hid-sp18-507-GitHubCascading,
  title =        {Cascading},
  author =       {Chris Wensel},
  howpublished = {Web Page},
  url =          {https://github.com/cwensel/cascading},
  timestamp =    {2018-02-15}
}

@Misc{hid-sp18-507-JMP9,
  title =        {JMP 9: A Really New Version},
  url =
                  {https://www.scientificcomputing.com/article/2011/05/jmp-9-really-new-version},
  howpublished = {Web Page},
  datetime =     {2018-03-12}
}

@Misc{hid-sp18-507-JMPPro,
  title =        {JMP Pro},
  url =
                  {https://www.sas.com/jmpstore/products-solutions/jmp-pro/prodJMPPRO.html},
  howpublished = {Web Page},
  datetime =     {2018-02-15}
}

@Misc{hid-sp18-507-JMPSAS,
  title =        {Statistical Software | JMP Software from SAS},
  url =          {https://www.jmp.com/},
  howpublished = {Web Page},
  datetime =     {2018-02-15}
}

@Misc{hid-sp18-507-MapR,
  title =        {Cascading | MapR},
  howpublished = {Web Page},
  url =
                  {https://mapr.com/products/product-overview/cascading/},
  timestamp =    {2018-03-12}
}

@Misc{hid-sp18-507-Openchain,
  title =        {Openchain - Blockchain technology for the
                  enterprise},
  url =          {https://www.openchain.org/},
  howpublished = {Web Page},
  datetime =     {2018-02-15}
}

@Misc{hid-sp18-507-ScribeNote,
  url =
                  {https://www.facebook.com/note.php?note_id=32008268919},
  datetime =     {2018-03-12},
  howpublished = {Web Page},
  title =        {Facebook's technology now open source},
  author =       {Robert Johnson}
}

@Misc{hid-sp18-510-ibm-Mahout,
  Title =        {Introducing Apache Mahout},
  Author =       {Grant Ingersoll},
  HowPublished = {Web Page},
  Month =        {September},
  Year =         2009,
  Timestamp =    {2018.02.18},
  Url =
                  {https://www.ibm.com/developerworks/java/library/j-mahout/}
}

@Misc{hid-sp18-510-kd-cntk,
  Title =        {Microsoft Deep Learning Brings Innovative Features -
                  CNTK Shows Promise},
  Author =       {Matthew Mayo},
  HowPublished = {Web Page},
  Month =        {February},
  Year =         2016,
  Timestamp =    {2018.02.18},
  Url =
                  {https://www.kdnuggets.com/2016/02/microsoft-deep-learning-brings-innovative-features.html}
}

@Misc{hid-sp18-510-med-Kubernetes,
  Title =        {KUBERNETES! Let's take it easy...},
  Author =       {Gabriel Augusto da Costa},
  HowPublished = {Web Page},
  Month =        {February},
  Year =         2017,
  Timestamp =    {2018.02.18},
  Url =
                  {https://medium.com/quick-mobile/kubernetes-lets-take-it-easy-924467dc5b21}
}

@Misc{hid-sp18-510-ng-Mahout,
  Title =        {Map-Reduce for Machine Learning on Multicore},
  Author =       {Andrew NG et al.},
  HowPublished = {Web Page},
  Timestamp =    {2018.02.18},
  Url =
                  {https://cs.stanford.edu/people/ang/papers/nips06-mapreducemulticore.pdf}
}

@Misc{hid-sp18-510-web-Kubernetes,
  Title =        {Kubernetes},
  Author =       {Kubernetes},
  HowPublished = {Web Page},
  Timestamp =    {2018.02.18},
  Url =          {https://kubernetes.io/}
}

@Misc{hid-sp18-510-web-Mahout,
  Title =        {Mahout},
  Author =       {Apache Software Foundation},
  HowPublished = {Web Page},
  Month =        {December},
  Year =         2017,
  Timestamp =    {2018.02.18},
  Url =          {https://mahout.apache.org}
}

@Misc{hid-sp18-510-web-PredIO,
  Title =        {Apache PredictionIO},
  Author =       {Apache Software Foundation},
  HowPublished = {Web Page},
  Timestamp =    {2018.02.18},
  Url =
                  {https://predictionio.apache.org/#what-is-apache-predictionio}
}

@Misc{hid-sp18-510-web-cntk,
  Title =        {The Microsoft Cognitive Toolkit},
  Author =       {Microsoft},
  HowPublished = {Web Page},
  Timestamp =    {2018.02.18},
  Url =          {https://docs.microsoft.com/en-us/cognitive-toolkit/}
}

@Misc{hid-sp18-510-web-theano,
  Title =        {theano},
  Author =       {Theano},
  HowPublished = {Web Page},
  Timestamp =    {2018.02.18},
  Url =          {http://deeplearning.net/software/theano/}
}

@Misc{hid-sp18-510-wiki-Kubernetes,
  Title =        {Kubernetes},
  Author =       {Wikipedia},
  HowPublished = {Web Page},
  Month =        {February},
  Year =         2018,
  Timestamp =    {2018.02.18},
  Url =          {https://en.wikipedia.org/wiki/Kubernetes}
}

@Misc{hid-sp18-510-wiki-Mahout,
  Title =        {Apache Mahout},
  Author =       {Wikipedia},
  HowPublished = {Web Page},
  Month =        {September},
  Year =         2017,
  Timestamp =    {2018.02.18},
  Url =          {https://en.wikipedia.org/wiki/Apache_Mahout}
}

@Misc{hid-sp18-510-wiki-theano,
  Title =        {Theano},
  Author =       {Wikipedia},
  HowPublished = {Web Page},
  Month =        {Feb},
  Year =         2018,
  Timestamp =    {2018.02.18},
  Url =          {https://en.wikipedia.org/wiki/Theano_(software)}
}

@Misc{hid-sp18-511-apttus,
  author =       {Apttus},
  title =        {About The Apttus},
  howpublished = {Web Page},
  timestamp =    {2018-01-30},
  Url =          {https://apttus.com/},
}

@Misc{hid-sp18-511-iics,
  author =       {Informatica},
  title =        {About The Informatica},
  howpublished = {Web Page},
  timestamp =    {2018-01-30},
  Url =
                  {https://www.informatica.com/products/cloud-integration.html#fbid=CaQhhmTzHcY},
}

@Misc{hid-sp18-511-linode,
  author =       {Linode},
  title =        {About The Linode},
  howpublished = {Web Page},
  timestamp =    {2018-01-30},
  Url =          {https://www.linode.com/},
}

@Misc{hid-sp18-511-rapidminer,
  author =       {RapidMiner},
  title =        {About The RapidMiner},
  howpublished = {Web Page},
  timestamp =    {2018-01-30},
  Url =          {https://rapidminer.com/},
}

@Misc{hid-sp18-511-treasuredata,
  author =       {Treasure Data},
  title =        {About The TreasureData},
  howpublished = {Web Page},
  timestamp =    {2018-01-30},
  Url =          {https://www.treasuredata.com/},
}

@Misc{hid-sp18-512-amazon-aurora,
  title =        {amazon aurora},
  howpublished = {web page},
  timestamp =    2018,
  url =          {https://aws.amazon.com/rds/aurora/faqs/},
}

@Misc{hid-sp18-512-amazon-cloudfront-a,
  title =        {amazon cloudfront},
  howpublished = {web page},
  timestamp =    2018,
  url =          { https://aws.amazon.com/cloudfront/},
}

@Misc{hid-sp18-512-amazon-cloudfront-b,
  title =        {amazon cloudfront},
  howpublished = {web page},
  timestamp =    2018,
  url =          {
                  http://searchaws.techtarget.com/definition/Amazon-CloudFront},
}

@Misc{hid-sp18-512-amazon-dynamodb,
  author =       {aws},
  title =        {amazon dynamodb},
  howpublished = {web page},
  timestamp =    2018,
  Url =          {https://aws.amazon.com/dynamodb/},
}

@Misc{hid-sp18-512-amazon-dynamodb_faq,
  author =       {aws},
  title =        {amazon dynamodb},
  howpublished = {web page},
  timestamp =    2018,
  Url =          {https://aws.amazon.com/dynamodb/},
}

@Misc{hid-sp18-512-amazon-vpc-a,
  title =        {amazon vpc},
  howpublished = {web page},
  timestamp =    2018,
  url =
                  {https://cloudacademy.com/blog/how-and-why-to-use-vpc-for-your-amazon-aws-infrastructure/},
}

@Misc{hid-sp18-512-amazon-vpc-b,
  title =        {amazon vpc},
  howpublished = {web page},
  timestamp =    2018,
  url =          {https://aws.amazon.com/vpc/},
}

@Misc{hid-sp18-512-amazonml-a,
  title =        {amazon machine learning},
  howpublished = {web page},
  timestamp =    2018,
  url =          {https://aws.amazon.com/aml/faqs/},
}

@Misc{hid-sp18-512-amazonml-b,
  title =        {machine learning on aws},
  howpublished = {web page},
  timestamp =    2018,
  url =          {https://aws.amazon.com/machine-learning/},
}

@Misc{hid-sp18-512-content-delivery-network,
  title =        {content delivery network explained},
  howpublished = {web page},
  timestamp =    2018,
  url =
                  {https://www.globaldots.com/content-delivery-network-explained/},
}

@Misc{hid-sp18-513-datameer,
  author  = {Datameer},
  title   = {:o: FIX ENTRY},
  address = {San Francisco, CA},
  url     = {https://www.datameer.com/},
}

@Misc{hid-sp18-513-docker,
  title =        {What is Docker?},
  author =       {Docker},
  url =          {https://www.docker.com/what-docker},
  address =      {San Francisco, CA}
}

@Misc{hid-sp18-513-neo4j,
  title =        {Neo4j Graph Database},
  howpublished = {Web Page},
  timestamp =    {2015-11-04},
  url =          {https://neo4j.com/product/},
}

@Misc{hid-sp18-513-oozie,
  author =       {Apache Software Foundation},
  title =        {Oozie},
  howpublished = {Web Page},
  timestamp =    {2018-01-24},
  url =          {http://oozie.apache.org/}
}

@Misc{hid-sp18-513-opensource,
  author =       {Unknown},
  title =        {What is Docker?},
  howpublished = {Web Page},
  url =          {https://opensource.com/resources/what-docker}
}

@Misc{hid-sp18-513-tableau,
  author       = {Tableau},
  title        = {:o: FIX ENTRY},
  howpublished = {Web Page},
  address      = {Seattle, Washington},
  url          = {https://www.tableau.com/},
}

@Misc{hid-sp18-514-CoherenceSpringInt,
  author =       {Oracle},
  title =        {Oracle Coherence Integration with Spring Framework},
  howpublished = {Web Page},
  url =
                  {https://docs.oracle.com/cd/E18686_01/coh.37/e18691/integratespring.htm#COHIG167}
}

@Misc{hid-sp18-514-OracleCoherence,
  author =       {Oracle},
  title =        {Oracle Coherence},
  howpublished = {Web Page},
  url =
                  {https://docs.oracle.com/cd/E24290_01/coh.371/e22840/definingdatagrid.htm#COHGS101}
}

@Misc{hid-sp18-514-apache-karaf,
  title =        {Apache Karaf},
  howpublished = {Web Page},
  url =          {http://karaf.apache.org/manual/latest/#_overview}
}

@Misc{hid-sp18-514-apachecurator,
  author =       {Apache},
  title =        {Apache Curator},
  howpublished = {Web Page},
  url =          {http://curator.apache.org/ }
}

@Misc{hid-sp18-514-apachecuratorfeatures,
  author =       {Apache},
  title =        {Apache Curator},
  howpublished = {Web Page},
  url =
                  {http://curator.apache.org/curator-framework/index.html}
}

@Misc{hid-sp18-514-apachegeodewiki,
  author =       {Apache},
  title =        {Apache Geode},
  howpublished = {Web Page},
  url =
                  {https://cwiki.apache.org/confluence/display/GEODE/Index}
}

@Misc{hid-sp18-514-coherencewiki,
  title =        {Oracle Coherence},
  howpublished = {Web Page},
  url =          {https://en.wikipedia.org/wiki/Oracle_Coherence}
}

@Misc{hid-sp18-514-datasynapsewiki,
  title =        {Tibco DataSynapse GridServer},
  howpublished = {Web Page},
  url =          {http://enacademic.com/dic.nsf/enwiki/5982527}
}

@Misc{hid-sp18-514-geodepython,
  title =        {Apache Geode Integration with Python},
  howpublished = {Web Page},
  url =          {https://github.com/gemfire/py-gemfire-rest/}
}

@Misc{hid-sp18-514-geodespringcache,
  author =       {Spring},
  title =        {Apache Geode Integration with Spring Cache},
  howpublished = {Web Page},
  url =
                  {https://docs.spring.io/spring/docs/current/spring-framework-reference/integration.html#cache}
}

@Misc{hid-sp18-514-geodespringgemfire,
  author =       {Spring},
  title =        {Apache Geode Integration with Spring Gemfire},
  howpublished = {Web Page},
  url =          {http://projects.spring.io/spring-data-gemfire/}
}

@Misc{hid-sp18-514-nirmataCurator,
  title =        {Apache Curator},
  howpublished = {Web Page},
  url =          {http://nirmataoss.github.io/workflow/}
}

@Misc{hid-sp18-514-tibcodatasynapsewiki,
  title =        {Tibco DataSynapse GridServer},
  howpublished = {Web Page},
  url =          {
                  https://www.tibco.com/press-releases/2009/tibco-software-acquires-datasynapse}
}

@Misc{hid-sp18-514-tibcods,
  title =        {Tibco DataSynapse GridServer},
  howpublished = {Web Page},
  url =
                  {https://docs.tibco.com/products/tibco-datasynapse-gridserver-6-2-0}
}

@Misc{hid-sp18-515-www-couchdb,
  title =        {Apache CouchDB},
  url =          {http://couchdb.apache.org/},
  howpublished = {Web Page},
  note =         {Accessed: 2018-02-18},
}

@Misc{hid-sp18-515-www-hadoop,
  title =        {Apache Hadoop},
  url =          {http://hadoop.apache.org/},
  howpublished = {Web Page},
  note =         {Accessed: 2018-02-18},
}

@Misc{hid-sp18-515-www-hbase,
  title =        {Apache HBase},
  url =          {https://hbase.apache.org/},
  howpublished = {Web Page},
  note =         {Accessed: 2018-02-18},
}

@Misc{hid-sp18-515-www-oraclenosql,
  title =        {Oracle Nosql Database},
  url =
                  {http://www.oracle.com/technetwork/database/database-technologies/nosqldb/overview/index.html},
  howpublished = {Web Page},
  note =         {Accessed: 2018-02-18},
}

@Misc{hid-sp18-515-www-ranger,
  title =        {Apache Ranger},
  url =          {http://ranger.apache.org/},
  howpublished = {Web Page},
  note =         {Accessed: 2018-02-18},
}

@Misc{hid-sp18-516-www-apacheorg-solr,
  Title =        {Apache Solr},
  Author =       {Apache},
  HowPublished = {Web Page},
  Note =         {Accessed: 2018-01-15},
  Url =          {http://lucene.apache.org/solr/}
}

@Misc{hid-sp18-516-www-blackbird-si,
  Title =        {Converting your InnoDB MySQL server to TokuDB (how
                  we did it)},
  Author =       {Alen Krmelj},
  HowPublished = {Web Page},
  Month =        {oct},
  Year =         2013,
  Url =
                  {http://blackbird.si/converting-your-innodb-mysql-server-to-tokudb-how-we-did-it/}
}

@Misc{hid-sp18-516-www-cascading,
  Title =        {Lingual},
  Author =       {CASCADING},
  HowPublished = {Web Page},
  Note =         {Accessed: 2018-01-15},
  Url =          {http://www.cascading.org/projects/lingual/}
}

@Misc{hid-sp18-516-www-debian-org,
  Title =        {About Debian},
  Author =       {Debian},
  HowPublished = {Web Page},
  Note =         {Accessed: 2018-02-27},
  Owner =        {spathan},
  Timestamp =    {2018.02.27},
  Url =          {https://www.debian.org/intro/about}
}

@Misc{hid-sp18-516-www-drivenio-lingual,
  Title =        {Introducing Lingual-Open Source ANSI SQL For Hadoop},
  Author =       {DRIVEN},
  HowPublished = {Web Page},
  Month =        {feb},
  Year =         2013,
  Url =
                  {http://www.driven.io/2013/02/introducing-lingual-open-source-ansi-sql-for-hadoop/}
}

@Misc{hid-sp18-516-www-finances-online,
  Title =        {Jaspersoft REVIEW},
  Author =       {Finances Online},
  HowPublished = {Web Page},
  Month =        {dec},
  Year =         2017,
  Url =          {https://reviews.financesonline.com/p/jaspersoft/}
}

@Misc{hid-sp18-516-www-jaspersoft-overview,
  Title =        {Reporting Software},
  Author =       {TIBCO Jaspersoft},
  HowPublished = {Web Page},
  Note =         {Accessed: 2018-01-23},
  Url =          {https://www.jaspersoft.com/reporting-software}
}

@Misc{hid-sp18-516-www-mariadb,
  Title =        {About MariaDB},
  Author =       {MariaDB},
  HowPublished = {Web Page},
  Note =         {Accessed: 2018-01-31},
  Url =          {https://mariadb.com/about-us}
}

@Misc{hid-sp18-516-www-mariadb-foundation,
  Title =        {About MariaDB},
  Author =       {MariaDB Foundation},
  HowPublished = {Web Page},
  Month =        {jan},
  Year =         2018,
  Url =          {https://mariadb.org/about/}
}

@Misc{hid-sp18-516-www-mariadb-server,
  Title =        {MariaDB Server},
  Author =       {MariaDB},
  HowPublished = {Web Page},
  Note =         {Accessed: 2018-01-31},
  Url =          {https://mariadb.com/products/technology/server}
}

@Misc{hid-sp18-516-www-percona-server-tokudb,
  Title =        {TokuDB Introduction},
  Author =       {Percona},
  HowPublished = {Web Page},
  Note =         {Accessed: 2018-02-22},
  Url =
                  {https://www.percona.com/doc/percona-server/LATEST/tokudb/tokudb_intro.html}
}

@Misc{hid-sp18-516-www-percona-tokudb,
  Title =        {Percona TokuDB},
  Author =       {Percona},
  HowPublished = {Web Page},
  Note =         {Accessed: 2018-01-28},
  Url =
                  {https://www.percona.com/software/mysql-database/percona-tokudb}
}

@Misc{hid-sp18-516-www-tutorialspoint-solr,
  Title =        {Apache Solr-Overview},
  Author =       {tutorialspoint},
  HowPublished = {Web Page},
  Note =         {Accessed: 2018-01-17},
  Url =
                  {https://www.tutorialspoint.com/apache_solr/apache_solr_overview.htm}
}

@Misc{hid-sp18-516-www-wiki-bigdata,
  Title =        {Big data},
  Author =       {Wikipedia},
  HowPublished = {Web Page},
  Note =         {Accessed: 2018-02-27},
  Owner =        {spathan},
  Timestamp =    {2018.02.27},
  Url =          {https://en.wikipedia.org/wiki/Big_data}
}

@Misc{hid-sp18-516-www-wiki-cascading,
  Title =        {Cascading (software)},
  Author =       {Wikipedia},
  HowPublished = {Web Page},
  Note =         {Accessed: 2018-02-27},
  Owner =        {spathan},
  Timestamp =    {2018.02.27},
  Url =          {https://en.wikipedia.org/wiki/Cascading_(software)}
}

@Misc{hid-sp18-516-www-wiki-csv,
  Title =        {Comma-separated values},
  Author =       {Wikipedia},
  HowPublished = {Web Page},
  Note =         {Accessed: 2018-02-27},
  Owner =        {spathan},
  Timestamp =    {2018.02.27},
  Url =
                  {https://en.wikipedia.org/wiki/Comma-separated_values}
}

@Misc{hid-sp18-516-www-wiki-hadoop,
  Title =        {Apache Hadoop},
  Author =       {Wikipedia},
  HowPublished = {Web Page},
  Note =         {Accessed: 2018-02-27},
  Owner =        {spathan},
  Timestamp =    {2018.02.27},
  Url =          {https://en.wikipedia.org/wiki/Apache_Hadoop}
}

@Misc{hid-sp18-516-www-wiki-hibernate,
  Title =        {Hibernate (framework)},
  Author =       {Wikipedia},
  HowPublished = {Web Page},
  Note =         {Accessed: 2018-02-27},
  Owner =
                  {spathanhttps://en.wikipedia.org/wiki/Hibernate_(framework)},
  Timestamp =    {2018.02.27}
}

@Misc{hid-sp18-516-www-wiki-jasperreports,
  Title =        {JasperReports},
  Author =       {Wikipedia},
  HowPublished = {Web Page},
  Month =        {dec},
  Year =         2017,
  Url =          {https://en.wikipedia.org/wiki/JasperReports}
}

@Misc{hid-sp18-516-www-wiki-jdbc,
  Title =        {Java Database Connectivity},
  Author =       {Wikipedia},
  HowPublished = {Web Page},
  Note =         {Accessed: 2018-02-27},
  Owner =        {spathan},
  Timestamp =    {2018.02.27},
  Url =
                  {https://en.wikipedia.org/wiki/Java_Database_Connectivity}
}

@Misc{hid-sp18-516-www-wiki-json,
  Title =        {JSON},
  Author =       {Wikipedia},
  HowPublished = {Web Page},
  Note =         {Accessed: 2018-02-27},
  Owner =        {spathan},
  Timestamp =    {2018.02.27},
  Url =          {https://en.wikipedia.org/wiki/JSON}
}

@Misc{hid-sp18-516-www-wiki-linux,
  Title =        {Linux},
  Author =       {Wikipedia},
  HowPublished = {Web Page},
  Note =         {Accessed: 2018-02-27},
  Owner =        {spathan},
  Timestamp =    {2018.02.27},
  Url =          {https://en.wikipedia.org/wiki/Linux}
}

@Misc{hid-sp18-516-www-wiki-lucene,
  Title =        {Apache Lucene},
  Author =       {Wikipedia},
  HowPublished = {Web Page},
  Note =         {Accessed: 2018-02-27},
  Owner =        {spathan},
  Timestamp =    {2018.02.27},
  Url =          {https://en.wikipedia.org/wiki/Apache_Lucene}
}

@Misc{hid-sp18-516-www-wiki-mariadb,
  Title =        {MariaDB},
  Author =       {Wikipedia},
  HowPublished = {Web Page},
  Note =         {Accessed: 2018-01-31},
  Url =          {https://en.wikipedia.org/wiki/MariaDB}
}

@Misc{hid-sp18-516-www-wiki-maven,
  Title =        {Apache Maven},
  Author =       {Wikipedia},
  HowPublished = {Web Page},
  Note =         {Accessed: 2018-02-27},
  Owner =        {spathan},
  Timestamp =    {2018.02.27},
  Url =          {https://en.wikipedia.org/wiki/Apache_Maven}
}

@Misc{hid-sp18-516-www-wiki-mysql,
  Title =        {MySQL},
  Author =       {Wikipedia},
  HowPublished = {Web Page},
  Note =         {Accessed: 2018-02-27},
  Owner =        {spathan},
  Timestamp =    {2018.02.27},
  Url =          {https://en.wikipedia.org/wiki/MySQL}
}

@Misc{hid-sp18-516-www-wiki-nosql,
  Title =        {NoSQL},
  Author =       {Wikipedia},
  HowPublished = {Web Page},
  Note =         {Accessed: 2018-02-27},
  Owner =        {spathan},
  Timestamp =    {2018.02.27},
  Url =          {https://en.wikipedia.org/wiki/NoSQL}
}

@Misc{hid-sp18-516-www-wiki-pojo,
  Title =        {Plain old Java object},
  Author =       {Wikipedia},
  HowPublished = {Web Page},
  Note =         {Accessed: 2018-02-27},
  Owner =        {spathan},
  Timestamp =    {2018.02.27},
  Url =          {https://en.wikipedia.org/wiki/Plain_old_Java_object}
}

@Misc{hid-sp18-516-www-wiki-solr,
  Title =        {Apache Solr},
  Author =       {Wikipedia},
  HowPublished = {Web Page},
  Note =         {Accessed: 2018-01-15},
  Url =          {https://en.wikipedia.org/wiki/Apache_Solr}
}

@Misc{hid-sp18-516-www-wiki-sql,
  Title =        {SQL},
  Author =       {Wikipedia},
  HowPublished = {Web Page},
  Note =         {Accessed: 2018-02-27},
  Owner =        {spathan},
  Timestamp =    {2018.02.27},
  Url =          {https://en.wikipedia.org/wiki/SQL}
}

@Misc{hid-sp18-516-www-wiki-tokudb,
  Title =        {TokuDB},
  Author =       {Wikipedia},
  HowPublished = {Web Page},
  Month =        {nov},
  Year =         2017,
  Url =          {https://en.wikipedia.org/wiki/TokuDB}
}

@Misc{hid-sp18-516-www-wiki-ubuntu,
  Title =        {Ubuntu (operating system)},
  Author =       {Wikipedia},
  HowPublished = {Web Page},
  Note =         {Accessed: 2018-02-27},
  Owner =        {spathan},
  Timestamp =    {2018.02.27},
  Url =
                  {https://en.wikipedia.org/wiki/Ubuntu_(operating_system)}
}

@Misc{hid-sp18-516-www-wiki-xml,
  Title =        {XML},
  Author =       {Wikipedia},
  HowPublished = {Web Page},
  Note =         {Accessed: 2018-02-27},
  Owner =        {spathan},
  Timestamp =    {2018.02.27},
  Url =          {https://en.wikipedia.org/wiki/XML}
}

@Misc{hid-sp18-516-www-wiki-xtradb,
  Title =        {XtraDB},
  Author =       {Wikipedia},
  HowPublished = {Web Page},
  Note =         {Accessed: 2018-01-31},
  Url =          {https://en.wikipedia.org/wiki/XtraDB}
}

@Misc{hid-sp18-517-ApacheKafka,
  title =        {Apache Kafka},
  howpublished = {Web Page},
  note =         {(Accessed on 02/03/2018)},
  url =          {https://kafka.apache.org/},
}

@Misc{hid-sp18-517-ApacheKudu,
  title =        {Apache Kudu - Overview},
  howpublished = {Web Page},
  note =         {(Accessed on 02/03/2018)},
  url =          {http://kudu.apache.org/overview.html},
}


@misc{hid-sp18-517-ApacheKylin,
  title =        {Apache Kylin},
  howpublished = {Web Page},
  url =
                  {https://www.slideshare.net/YangLi43/apache-kylin-deep-dive-2014-dec},
  note =         {(Accessed on 02/24/2018)}
}

@Misc{hid-sp18-517-Hue-wiki,
  title =        {Hue (Hadoop) - Wikipedia},
  howpublished = {Web Page},
  note =         {(Accessed on 02/03/2018)},
  url =          {https://en.wikipedia.org/wiki/Hue_(Hadoop)},
}

@Misc{hid-sp18-517-MongoDB-intro,
  title =        {Introduction to MongoDB - MongoDB Manual 3.6},
  howpublished = {Web Page},
  note =         {(Accessed on 02/03/2018)},
  url =          {https://docs.mongodb.com/manual/introduction/},
}

@Misc{hid-sp18-517-Sqoop,
  title =        {Sqoop User Guide (v1.4.7)},
  howpublished = {Web Page},
  note =         {(Accessed on 02/03/2018)},
  url =
                  {http://sqoop.apache.org/docs/1.4.7/SqoopUserGuide.html#_introduction},
}

@Misc{hid-sp18-517-hue-apache,
  title =        {EHue, the self service open source Analytics
                  Workbench for browsing, querying and visualizing
                  data interactively},
  howpublished = {Web Page},
  note =         {(Accessed on 02/03/2018)},
  url =          {http://gethue.com/sql-editor/},
}

@Misc{hid-sp18-517-metron-apache,
  title =        {Apache Metron},
  howpublished = {Web Page},
  note =         {(Accessed on 02/28/2018)},
  url =          {https://cwiki.apache.org/confluence/display/METRON/},
}

@Misc{hid-sp18-517-metron-hortonworks,
  title =        {Apache Metron - Hortonworks},
  howpublished = {Web Page},
  note =         {(Accessed on 02/28/2018)},
  url =          {https://hortonworks.com/apache/metron/#section_3},
}

@Misc{hid-sp18-517-pulsar-apache,
  title =        {Apache Pulsar},
  howpublished = {Web Page},
  note =         {(Accessed on 02/28/2018)},
  url =
                  {https://pulsar.incubator.apache.org/docs/latest/getting-started/ConceptsAndArchitecture/},
}

@misc{hid-sp18-518-AWS-APIGateway,
  author =       {Amazon Web Services},
  title =        {AWS API Gateway},
  year =         2018,
  url =          {https://aws.amazon.com/api-gateway/}
}

@misc{hid-sp18-518-CloudTrail,
  author =       {Amazon Web Services},
  title =        {AWS CloudTrail logging service},
  year =         2018,
  url =          {https://aws.amazon.com/cloudtrail/}
}

@misc{hid-sp18-518-CloudWatch,
  author =       {Amazon Web Services},
  title =        {AWS CloudWatch Monitoring},
  year =         2018,
  url =          {https://aws.amazon.com/cloudwatch/}
}

@misc{hid-sp18-518-Cognito,
  author =       {Amazon Web Services},
  title =        {AWS Cognito Identity Provider},
  year =         2018,
  url =          {https://aws.amazon.com/cognito/}
}

@misc{hid-sp18-518-FoundationBenchmarks,
  author =       {Amazon Web Services},
  title =        {AWS Foundation Benchmarks},
  year =         2018,
  url =
                  {https://aws.amazon.com/blogs/security/announcing-industry-best-practices-for-securing-aws-resources/}
}

@InProceedings{hid-sp18-520-OpenNN,
  author    = {Opennn},
  title     = {:o: FIX ENTRY},
  publisher = {Web Page},
  url       = {http://www.opennn.net/documentation/opennn_start.html},
}

@InProceedings{hid-sp18-520-OpenNNn,
  author    = {Opennn},
  title     = {:o: FIX ENTRY},
  publisher = {Web Page},
  url       = {http://www.opennn.net/documentation/the_neural_network_class.html},
}

@InProceedings{hid-sp18-520-OpenNNnw,
  author    = {Opennn},
  title     = {:o: FIX ENTRY},
  publisher = {Web Page},
  url       = {https://en.wikipedia.org/wiki/Neural_Designer},
}

@inproceedings{hid-sp18-520-OrientDB,
  author =       {OrientDB},
  title =        {why-orientdb},
  publisher =    {Web Page},
  url =          {https://orientdb.com/why-orientdb/},
}

@inproceedings{hid-sp18-520-OrientDBconcepts,
  author =       {OrientDB},
  title =        {orientdb_basic_concepts},
  publisher =    {Web Page},
  url =
                  {https://www.tutorialspoint.com/orientdb/orientdb_basic_concepts.htm},
}

@inproceedings{hid-sp18-520-OrientDBgraph,
  author =       {OrientDB},
  title =        {OrientDB in the Cloud},
  publisher =    {Web Page},
  url =          {https://orientdb.com/graph-database/},
}

@inproceedings{hid-sp18-520-OrientDBgraphI,
  author =       {OrientDB},
  title =        {OrientDB in the Cloud},
  publisher =    {Web Page},
  url =          {https://orientdb.com/docs/last/SB-Tree-index.html},
}

@inproceedings{hid-sp18-520-PyTorch,
  author =       {PyTorch},
  title =        {About},
  publisher =    {Web Page},
  url =          {http://pytorch.org/about/},
}

@inproceedings{hid-sp18-520-PyTorchgrad,
  author =       {PyTorch},
  title =        {About},
  publisher =    {Web Page},
  url =
                  {https://towardsdatascience.com/pytorch-tutorial-distilled-95ce8781a89c},
}

@inproceedings{hid-sp18-520-PyTorchtensor,
  author =       {PyTorch},
  title =        {Learning PyTorch with Examples},
  publisher =    {Web Page},
  url =
                  {https://www.analyticsvidhya.com/blog/2018/02/pytorch-tutorial/},
}

@InProceedings{hid-sp18-520-RabbitMQ,
  author    = {Rabbitmq},
  title     = {:o: FIX ENTRY},
  publisher = {Web Page},
  url       = {https://www.rabbitmq.com/},
}

@inproceedings{hid-sp18-520-RabbitMQCluster,
  author =       {Rabbitmq},
  title =        {Clustering Guide},
  publisher =    {Web Page},
  url =          {https://www.rabbitmq.com/clustering.html},
}

@InProceedings{hid-sp18-520-RabbitMQauth,
  author    = {Rabbitmq},
  title     = {:o: FIX ENTRY},
  publisher = {Web Page},
  url       = {https://www.rabbitmq.com/authentication.html},
}

@inproceedings{hid-sp18-520-RabbitMQmana,
  author =       {Rabbitmq},
  title =        {Management Plugin},
  publisher =    {Web Page},
  url =          {http://www.rabbitmq.com/management.html},
}

@inproceedings{hid-sp18-520-RabbitMQwiki,
  author =       {Rabbitmq},
  title =        {Authentication},
  publisher =    {Web Page},
  url =          {https://en.wikipedia.org/wiki/RabbitMQ},
}

@inproceedings{hid-sp18-520-Redis,
  author =       {Redis},
  title =        {Introduction to Redis},
  publisher =    {Web Page},
  url =          {https://redis.io/topics/introduction},
}

@inproceedings{hid-sp18-520-RedisModules,
  author =       {Redis},
  title =        {Redis Modules},
  publisher =    {Web Page},
  url =          {https://redis.io/topics/replication},
}

@inproceedings{hid-sp18-520-RedisModulescac,
  author =       {Redis},
  title =        {Redis Modules},
  publisher =    {Web Page},
  url =          {https://redis.io/topics/lru-cache},
}

@inproceedings{hid-sp18-520-TensorFlow,
  author =       {TensorFlow},
  title =        {About TensorFlow},
  publisher =    {Web Page},
  url =          {https://www.tensorflow.org/},
}

@inproceedings{hid-sp18-520-TensorFlowWiki,
  author =       {TensorFlow},
  title =        {About TensorFlow},
  publisher =    {Web Page},
  url =          {https://en.wikipedia.org/wiki/TensorFlow},
}

@inproceedings{hid-sp18-520-TensorFlowboard,
  author =       {TensorFlow},
  title =        {About TensorFlow},
  publisher =    {Web Page},
  url =
                  {https://www.tensorflow.org/programmers_guide/summaries_and_tensorboard},
}

@inproceedings{hid-sp18-520-TensorFlowhlapi,
  author =       {TensorFlow},
  title =        {About TensorFlow},
  publisher =    {Web Page},
  url =          {https://www.tensorflow.org/guide/#high_level_apis},
}

@Misc{hid-sp18-521-AmazonEMR,
  author =       {AWS},
  title =        {Amazon EMR},
  howpublished = {Web Page},
  timestamp =    {2018-01-31},
  Url =          {https://aws.amazon.com/emr/},
}

@Misc{hid-sp18-521-FissionBlog,
  author =       {Soam Vasani},
  title =        {Fission: Serverless Functions as a Service for
                  Kubernetes},
  howpublished = {Web Page},
  timestamp =    {2017-01-20},
  Url =
                  {http://blog.kubernetes.io/2017/01/fission-serverless-functions-as-service-for-kubernetes.html},
}

@Misc{hid-sp18-521-Greengrass,
  author =       {AWS},
  title =        {Amazon Greengrass},
  howpublished = {Web Page},
  timestamp =    {2018-02-01},
  Url =          {https://aws.amazon.com/greengrass/},
}

@Misc{hid-sp18-521-Sagemaker,
  author =       {AWS},
  title =        {Amazon SageMaker},
  howpublished = {Web Page},
  timestamp =    {2018-01-31},
  Url =          {https://aws.amazon.com/sagemaker/},
}

@Misc{hid-sp18-521-athena-faq,
  author =       {AWS},
  title =        {Athena FAQs},
  howpublished = {Web Page},
  timestamp =    {2018-01-30},
  url =          {https://aws.amazon.com/athena/faqs/},
}

@misc{hid-sp18-522-deeplens,
  Author =       {Amazon AWS},
  Date-Added =   {2018-04-06 00:15:42 +0000},
  Date-Modified ={2018-04-06 01:26:50 +0000},
  Title =        {AWS Deeplens},
  Url =          {https://aws.amazon.com/deeplens/},
  Bdsk-Url-1 =   {https://aws.amazon.com/deeplens/}
}

@misc{hid-sp18-522-fargate,
  Author =       {Amazon AWS},
  Date-Added =   {2018-04-06 00:17:52 +0000},
  Date-Modified ={2018-04-06 01:26:57 +0000},
  Title =        {AWS Fargate},
  Url =          {https://aws.amazon.com/fargate/},
  Bdsk-Url-1 =   {https://aws.amazon.com/fargate/}
}

@misc{hid-sp18-522-golanguage,
  Author =       {Google},
  Date-Added =   {2018-04-06 01:15:47 +0000},
  Date-Modified ={2018-04-06 01:27:14 +0000},
  Title =        {The Go Programming Language},
  Url =          {https://golang.org/},
  Bdsk-Url-1 =   {https://golang.org/}
}

@misc{hid-sp18-522-lightsail,
  Author =       {Amazon AWS},
  Date-Added =   {2018-04-06 01:12:43 +0000},
  Date-Modified ={2018-04-06 01:26:31 +0000},
  Title =        {AWS LightSail},
  Url =          {https://aws.amazon.com/lightsail/},
  Bdsk-Url-1 =   {https://aws.amazon.com/lightsail/}
}

@misc{hid-sp18-522-riot,
  Author =       {Open Source},
  Date-Added =   {2018-04-06 01:13:57 +0000},
  Date-Modified ={2018-04-06 01:27:06 +0000},
  Title =        {Riot OS},
  Url =          {https://www.riot-os.org/},
  Bdsk-Url-1 =   {https://www.riot-os.org/}
}

@Misc{hid-sp18-523-www-dremel,
  author =       {Google},
  title =        {Dremel: Interactive analysis of webscale datasets},
  howpublished = {Web},
  timestamp =    2010,
  Url =          {https://research.google.com/pubs/pub36632.html}
}

@Misc{hid-sp18-523-www-genomics,
  author =       {Google},
  title =        {Google Genomics},
  howpublished = {Web},
  Url =          {https://cloud.google.com/genomics/}
}

@Misc{hid-sp18-523-www-google-spanner,
  author =       {Google},
  title =        {Google Spanner},
  howpublished = {Web},
  Url =          {https://cloud.google.com/spanner/}
}

@Misc{hid-sp18-523-www-google-vision,
  author =       {Google},
  title =        {Google Vision API},
  howpublished = {Web},
  Url =          {https://https:/cloud.google.com/vision/}
}

@Misc{hid-sp18-523-www-h2o,
  author =       {H2O},
  title =        {H2O},
  howpublished = {Web},
  Url =          {https://www.h2o.ai/h2o/}
}

@Misc{hid-sp18-525-cloud,
  author =       {Mendenhall, Michael and Duncan, Buell},
  title =        {BlueMix is Now IBM Cloud},
  howpublished = {Web Page},
  year =         2017,
  Url =
                  {https://www.ibm.com/blogs/bluemix/2017/10/bluemix-is-now-ibm-cloud/},
}

@Misc{hid-sp18-525-dsx,
  title =        {IBM Data Science Experience},
  howpublished = {Web Page},
  Url =          {https://www.ibm.com/cloud/data-science-experience},
}

@Misc{hid-sp18-525-java,
  title =        {Wikipedia JavaScript},
  howpublished = {Web Page},
  Url =          {https://en.wikipedia.org/wiki/JavaScript},
}

@Misc{hid-sp18-525-nodejs,
  title =        {Node.js},
  howpublished = {Web Page},
  Url =          {https://nodejs.org/en/about/},
}

@Misc{hid-sp18-525-watson,
  title =        {Wikipedia Watson},
  howpublished = {Web Page},
  Url =          {https://en.wikipedia.org/wiki/Watson (computer)},
}

@MastersThesis{hid-sp18-526-patki-sdv,
  author =       {Neha Patki},
  title =        {The Synthetic Data Vault: Generative Modeling for
                  Relational Databases},
  publisher =    {Massachusetts Institute of Technology},
  year =         2016
}

@Misc{hid-sp18-526-www-apache-accumulo,
  author =       {{Apache Software Foundation}},
  title =        {Apache Accumulo is a sorted, distributed key/value
                  store that provides robust, scalable data storage
                  and retrieval.},
  year =         2018,
  url =          {https://accumulo.apache.org/}
}

@Misc{hid-sp18-526-www-apache-phoenix,
  author =       {{Apache Software Foundation}},
  title =        {Apache Phoenix OLTP and operational analytics for
                  Apache Hadoop},
  year =         2018,
  url =          {https://phoenix.apache.org/}
}

@Misc{hid-sp18-526-www-fluentd,
  author =       {{Fluentd Project}},
  title =        {Build Your Unified Logging Layer},
  year =         2018,
  url =          {https://www.fluentd.org/}
}

@Misc{hid-sp18-526-www-synthea,
  author =       {{The MITRE Corporation}},
  title =        {Synthetic Patient Generation},
  year =         2018,
  url =          {https://synthetichealth.github.io/synthea/}
}

@Misc{hid-sp18-601-www-bblaze-about,
  author = {Backblaze},
  title  = {:o: FIX ENTRY},
}

@Misc{hid-sp18-601-www-bblaze-business,
  author = {Backblaze},
  title  = {:o: FIX ENTRY},
}

@Misc{hid-sp18-601-www-bblaze-personal,
  author = {Backblaze},
  title  = {:o: FIX ENTRY},
}

@misc{hid-sp18-601-www-boinc-projects,
  author =       {BOINC},
  title =        {Projects},
  year =         2018,
  url =          {https://boinc.berkeley.edu/projects.php}
}

@misc{hid-sp18-601-www-gdoc-about,
  author =       {Google},
  title =        {About},
  year =         2018,
  url =          {https://www.google.com/docs/about/}
}

@misc{hid-sp18-601-www-lhc-at-home-history,
  author =       {LHC},
  title =        {History},
  year =         2018,
  url =          {http://lhcathome.web.cern.ch/about/history}
}

@misc{hid-sp18-601-www-odrive-website,
  author =       {Microsoft},
  title =        {Microsoft's OneDrive},
  year =         2018,
  url =          {https://onedrive.live.com/about/en-us/}
}

@misc{hid-sp18-601-www-sathome-about,
  author =       {SETI},
  title =        {About},
  year =         2018,
  url =          {https://setiathome.berkeley.edu/sah_about.php}
}

@misc{hid-sp18-601-www-slatex-documentation,
  author =       {ShareLatex},
  title =        {Documentation},
  year =         2018,
  url =          {https://www.sharelatex.com/learn}
}

@misc{hid-sp18-601-www-slatex-plans,
  author =       {ShareLatex},
  title =        {plans},
  year =         2018,
  url =          {https://www.sharelatex.com/user/subscription/plans}
}

@misc{hid-sp18-601-www-spoint-new-sharepoint,
  author =       {SharePoint team},
  title =        {SharePoint},
  year =         2012,
  url =
                  {https://blogs.office.com/en-us/2012/07/17/the-new-sharepoint/}
}

@misc{hid-sp18-601-www-spoint-website,
  author =       {Microsoft},
  title =        {SharePoint},
  year =         2018,
  url =
                  {https://products.office.com/en-us/sharepoint/collaboration/}
}

@Misc{hid-sp18-602-www-awscodestar-blog,
  author =       {Amazon},
  title =        {Intoducing AWS CodeStar},
  howpublished = {Web Page},
  timestamp =    {2018-02-19},
  Url =          {https://aws.amazon.com/blogs/aws/new-aws-codestar/},
}

@Misc{hid-sp18-602-www-cloudautoml-blog,
  author =       {Google},
  title =        {Cloud AutoML},
  howpublished = {Web Page},
  timestamp =    {2018-02-19},
  Url =
                  {https://www.blog.google/topics/google-cloud/cloud-automl-making-ai-accessible-every-business/},
}

@Misc{hid-sp18-602-www-cloudautoml-main,
  author =       {Google},
  title =        {Cloud AutoML-main},
  howpublished = {Web Page},
  timestamp =    {2018-02-19},
  Url =          {https://cloud.google.com/automl/},
}

@Misc{hid-sp18-602-www-google-loadbalancing-main,
  author =       {Google},
  title =        {Google Load Balancing},
  howpublished = {Web Page},
  timestamp =    {2018-02-19},
  Url =          {https://cloud.google.com/load-balancing/},
}

@Misc{hid-sp18-602-www-google-stackdriver-main,
  author =       {Google},
  title =        {Google Stackdriver},
  howpublished = {Web Page},
  timestamp =    {2018-02-19},
  Url =          {https://cloud.google.com/stackdriver/},
}

@Misc{hid-sp18-602-www-spinnaker-gc,
  author =       {Google},
  title =        {Spinnaker},
  howpublished = {Web Page},
  timestamp =    {2018-02-19},
  Url =          {https://opensource.google.com/projects/spinnaker},
}

@Misc{hid-sp18-602-www-spinnaker-io,
  author =       {Spinnaker},
  title =        {Spinnaker io},
  howpublished = {Web Page},
  timestamp =    {2018-02-19},
  Url =          {https://www.spinnaker.io/},
}

@misc{spagobi,
  title =        {spagobi},
  url =          {http://www.spagobi.org/product/},
  journal =      {100 open source Business Intelligence}
}

@misc{stratebi-bigdata,
  title =        {SpagoBI Open Source},
  url =          {http://www.stratebi.com/en_GB/spagobi#big-data},
  journal =      {SpagoBI Open Source - Stratebi}
}

@misc{systemml,
  title =        {Apache SystemML},
  url =          {http://systemml.apache.org/},
  journal =      {Apache SystemML - Declarative Large-Scale Machine
                  Learning},
  author =       {SystemML, Apache}
}

@misc{systemml_blog,
  title =        {Apache SystemML Blog},
  url =
                  {https://blogs.apache.org/foundation/entry/the-apache-software-foundation-announces13},
  journal =      {The Apache Software Foundation Blog}
}

@Misc{www-amazonec2,
  title =        {Amazon EC2},
  url =          {https://aws.amazon.com/ec2/},
  howpublished = {Web Page},
  note =         {Accessed: 2018-02-18},
}

@Misc{www-azure,
  title =        {What is Azure},
  url =
                  {https://azure.microsoft.com/en-us/overview/what-is-azure/},
  howpublished = {Web Page},
  note =         {Accessed: 2018-02-18},
},
    title = {About},
    year = 2018,
    url = {https://www.backblaze.com/company/about.html}
}

@Misc{www-azure-choices,
  title =        {Azure Vs AWS},
  url =
                  {https://azure.microsoft.com/en-us/overview/azure-vs-aws/},
  howpublished = {Web Page},
  note =         {Accessed: 2018-03-09},
},
    title = {Personal account},
    year = 2018,
    url = {https://www.backblaze.com/cloud-backup.html}
}

@Misc{www-azure-opensource,
  title =        {Azure's choices},
  url =
                  {https://azure.microsoft.com/en-us/overview/choose-azure-opensource/},
  howpublished = {Web Page},
  note =         {Accessed: 2018-03-09},
},
    title = {Business account},
    year = 2018,
    url = {https://www.backblaze.com/business-backup.html}
}

@Misc{www-futuregrid,
  title =        {Future Grid},
  url =          {http://www.future-grid.com.au/},
  howpublished = {Web Page},
  note =         {Accessed: 2018-02-18},
}

@Misc{www-karaf-transaction,
  title =        {Apache Karaf},
  howpublished = {Web Page},
  url =
                  {https://svn.apache.org/repos/asf/karaf/site/production/manual/latest-3.0.x/jta.html}
}

@Misc{www-mLab,
  author =       {{mLab}},
  title =        {mLab for managed database services},
  howpublished = {Web Page},
  timestamp =    {2018-02-25},
  Url =          {https://mlab.com/},
}

@Misc{www-openvz,
  title =        {openVZ Virtuozzo Container},
  url =          {https://openvz.org/Main_Page},
  howpublished = {Web Page},
  note =         {Accessed: 2018-02-18},
}

@Misc{www-openvz-intro,
  title =        {openVZ Introduction},
  url =          {http://www.linuxzhaji.com/?p=453},
  howpublished = {Web Page},
  note =         {Accessed: 2018-03-09},
}

@Misc{www-sqlite,
  title =        {About SQLite},
  url =          {https://www.sqlite.org/about.html},
  howpublished = {Web Page},
  note =         {Accessed: 2018-02-18},
}

@Misc{www-sqlite-archi,
  title =        {About SQLite Architecture},
  url =          {https://sqlite.org/arch.html},
  howpublished = {Web Page},
  note =         {Accessed: 2018-03-09},
}

@Comment{jabref-meta: databaseType:bibtex;}
